PokerStars Hand #228673712656:  Hold'em No Limit ($0.25/$0.50 USD) - 2021/07/30 1:46:29 ET
Table 'Ragazza' 9-max Seat #5 is the button
Seat 1: gambleruin ($50 in chips) 
Seat 2: ssorinacho92 ($49.25 in chips) 
Seat 3: pl@netskii ($56.70 in chips) 
Seat 4: genthix ($39.54 in chips) 
Seat 5: artemxxl ($94.18 in chips) 
Seat 6: dexeosRankX ($50 in chips) 
Seat 7: ilaviiitech ($50 in chips) 
Seat 8: SIRCopenhagen ($40.38 in chips) 
dexeosRankX: posts small blind $0.25
ilaviiitech: posts big blind $0.50
Chainicheck: sits out 
*** HOLE CARDS ***
SIRCopenhagen: folds 
gambleruin: raises $1 to $1.50
ssorinacho92: folds 
pl@netskii: folds 
genthix: calls $1.50
artemxxl: folds 
dexeosRankX: folds 
ilaviiitech: folds 
*** FLOP *** [Ts Js 9s]
gambleruin: checks 
genthix: checks 
*** TURN *** [Ts Js 9s] [2s]
gambleruin: bets $2.35
genthix: calls $2.35
*** RIVER *** [Ts Js 9s 2s] [5d]
gambleruin: bets $5.30
genthix: folds 
Uncalled bet ($5.30) returned to gambleruin
gambleruin collected $8.03 from pot
gambleruin: doesn't show hand 
*** SUMMARY ***
Total pot $8.45 | Rake $0.42 
Board [Ts Js 9s 2s 5d]
Seat 1: gambleruin collected ($8.03)
Seat 2: ssorinacho92 folded before Flop (didn't bet)
Seat 3: pl@netskii folded before Flop (didn't bet)
Seat 4: genthix folded on the River
Seat 5: artemxxl (button) folded before Flop (didn't bet)
Seat 6: dexeosRankX (small blind) folded before Flop
Seat 7: ilaviiitech (big blind) folded before Flop
Seat 8: SIRCopenhagen folded before Flop (didn't bet)



PokerStars Hand #228673576407:  Hold'em No Limit ($0.25/$0.50 USD) - 2021/07/30 1:30:31 ET
Table 'Ragazza' 9-max Seat #4 is the button
Seat 1: gambleruin ($50 in chips) 
Seat 3: pl@netskii ($50 in chips) 
Seat 4: Quick514 ($37.89 in chips) 
gambleruin: posts small blind $0.25
pl@netskii: posts big blind $0.50
*** HOLE CARDS ***
Quick514: calls $0.50
gambleruin: folds 
dexeosRankX joins the table at seat #6 
pl@netskii: checks 
*** FLOP *** [4h Qh 7s]
pl@netskii: bets $0.60
Quick514: calls $0.60
*** TURN *** [4h Qh 7s] [Th]
zverev_77 joins the table at seat #5 
pl@netskii: checks 
Quick514: bets $0.50
pl@netskii: calls $0.50
*** RIVER *** [4h Qh 7s Th] [As]
pl@netskii: checks 
Quick514: bets $8.50
pl@netskii: folds 
Uncalled bet ($8.50) returned to Quick514
Quick514 collected $3.28 from pot
Quick514: doesn't show hand 
*** SUMMARY ***
Total pot $3.45 | Rake $0.17 
Board [4h Qh 7s Th As]
Seat 1: gambleruin (small blind) folded before Flop
Seat 3: pl@netskii (big blind) folded on the River
Seat 4: Quick514 (button) collected ($3.28)



PokerStars Hand #228673582049:  Hold'em No Limit ($0.25/$0.50 USD) - 2021/07/30 1:31:13 ET
Table 'Ragazza' 9-max Seat #1 is the button
Seat 1: gambleruin ($50 in chips) 
Seat 3: pl@netskii ($50 in chips) 
Seat 4: Quick514 ($39.57 in chips) 
pl@netskii: posts small blind $0.25
Quick514: posts big blind $0.50
zverev_77: sits out 
dexeosRankX: sits out 
*** HOLE CARDS ***
gambleruin: raises $0.75 to $1.25
pl@netskii: folds 
Quick514: folds 
Uncalled bet ($0.75) returned to gambleruin
gambleruin collected $1.25 from pot
gambleruin: doesn't show hand 
*** SUMMARY ***
Total pot $1.25 | Rake $0 
Seat 1: gambleruin (button) collected ($1.25)
Seat 3: pl@netskii (small blind) folded before Flop
Seat 4: Quick514 (big blind) folded before Flop



PokerStars Hand #228673583515:  Hold'em No Limit ($0.25/$0.50 USD) - 2021/07/30 1:31:23 ET
Table 'Ragazza' 9-max Seat #3 is the button
Seat 1: gambleruin ($50.75 in chips) 
Seat 3: pl@netskii ($50 in chips) 
Seat 4: Quick514 ($39.07 in chips) 
Seat 5: zverev_77 ($50 in chips) 
Quick514: posts small blind $0.25
zverev_77: posts big blind $0.50
dexeosRankX: sits out 
Koppesh: sits out 
*** HOLE CARDS ***
gambleruin: folds 
pl@netskii: raises $0.50 to $1
Quick514: folds 
zverev_77: folds 
Uncalled bet ($0.50) returned to pl@netskii
pl@netskii collected $1.25 from pot
*** SUMMARY ***
Total pot $1.25 | Rake $0 
Seat 1: gambleruin folded before Flop (didn't bet)
Seat 3: pl@netskii (button) collected ($1.25)
Seat 4: Quick514 (small blind) folded before Flop
Seat 5: zverev_77 (big blind) folded before Flop



PokerStars Hand #228673585006:  Hold'em No Limit ($0.25/$0.50 USD) - 2021/07/30 1:31:34 ET
Table 'Ragazza' 9-max Seat #4 is the button
Seat 1: gambleruin ($50.75 in chips) 
Seat 3: pl@netskii ($50.75 in chips) 
Seat 4: Quick514 ($38.82 in chips) 
Seat 5: zverev_77 ($49.50 in chips) 
Seat 6: dexeosRankX ($50 in chips) 
lucky83o joins the table at seat #7 
zverev_77: posts small blind $0.25
dexeosRankX: posts big blind $0.50
Koppesh: sits out 
*** HOLE CARDS ***
gambleruin: raises $1 to $1.50
pl@netskii: folds 
Quick514: calls $1.50
zverev_77: folds 
dexeosRankX: folds 
*** FLOP *** [Qs 3h 8s]
gambleruin: bets $1.07
Quick514: calls $1.07
*** TURN *** [Qs 3h 8s] [7h]
gambleruin: bets $4.20
Quick514: calls $4.20
*** RIVER *** [Qs 3h 8s 7h] [8d]
lucky83o leaves the table
gambleruin: checks 
Quick514: bets $7.29
gambleruin: folds 
Uncalled bet ($7.29) returned to Quick514
Quick514 collected $13.58 from pot
Quick514: doesn't show hand 
*** SUMMARY ***
Total pot $14.29 | Rake $0.71 
Board [Qs 3h 8s 7h 8d]
Seat 1: gambleruin folded on the River
Seat 3: pl@netskii folded before Flop (didn't bet)
Seat 4: Quick514 (button) collected ($13.58)
Seat 5: zverev_77 (small blind) folded before Flop
Seat 6: dexeosRankX (big blind) folded before Flop



PokerStars Hand #228673592086:  Hold'em No Limit ($0.25/$0.50 USD) - 2021/07/30 1:32:25 ET
Table 'Ragazza' 9-max Seat #5 is the button
Seat 1: gambleruin ($50 in chips) 
Seat 3: pl@netskii ($50.75 in chips) 
Seat 4: Quick514 ($45.63 in chips) 
Seat 5: zverev_77 ($49.25 in chips) 
Seat 6: dexeosRankX ($50 in chips) 
dexeosRankX: posts small blind $0.25
gambleruin: posts big blind $0.50
Koppesh: sits out 
*** HOLE CARDS ***
pl@netskii: raises $1 to $1.50
Quick514: folds 
zverev_77: folds 
dexeosRankX: folds 
gambleruin: folds 
Uncalled bet ($1) returned to pl@netskii
pl@netskii collected $1.25 from pot
*** SUMMARY ***
Total pot $1.25 | Rake $0 
Seat 1: gambleruin (big blind) folded before Flop
Seat 3: pl@netskii collected ($1.25)
Seat 4: Quick514 folded before Flop (didn't bet)
Seat 5: zverev_77 (button) folded before Flop (didn't bet)
Seat 6: dexeosRankX (small blind) folded before Flop



PokerStars Hand #228673595563:  Hold'em No Limit ($0.25/$0.50 USD) - 2021/07/30 1:32:49 ET
Table 'Ragazza' 9-max Seat #6 is the button
Seat 1: gambleruin ($50 in chips) 
Seat 2: Koppesh ($50 in chips) 
Seat 3: pl@netskii ($51.50 in chips) 
Seat 4: Quick514 ($45.63 in chips) 
Seat 5: zverev_77 ($49.25 in chips) 
Seat 6: dexeosRankX ($50 in chips) 
gambleruin: posts small blind $0.25
Koppesh: posts big blind $0.50
*** HOLE CARDS ***
pl@netskii: folds 
Quick514: folds 
zverev_77 has timed out
zverev_77: folds 
dexeosRankX: raises $0.65 to $1.15
gambleruin: folds 
Koppesh: folds 
Uncalled bet ($0.65) returned to dexeosRankX
dexeosRankX collected $1.25 from pot
dexeosRankX: doesn't show hand 
*** SUMMARY ***
Total pot $1.25 | Rake $0 
Seat 1: gambleruin (small blind) folded before Flop
Seat 2: Koppesh (big blind) folded before Flop
Seat 3: pl@netskii folded before Flop (didn't bet)
Seat 4: Quick514 folded before Flop (didn't bet)
Seat 5: zverev_77 folded before Flop (didn't bet)
Seat 6: dexeosRankX (button) collected ($1.25)



PokerStars Hand #228673598551:  Hold'em No Limit ($0.25/$0.50 USD) - 2021/07/30 1:33:12 ET
Table 'Ragazza' 9-max Seat #1 is the button
Seat 1: gambleruin ($50 in chips) 
Seat 2: Koppesh ($50 in chips) 
Seat 3: pl@netskii ($51.50 in chips) 
Seat 4: Quick514 ($45.63 in chips) 
Seat 6: dexeosRankX ($50.75 in chips) 
Koppesh: posts small blind $0.25
pl@netskii: posts big blind $0.50
*** HOLE CARDS ***
zverev_77 leaves the table
Quick514: calls $0.50
dexeosRankX: folds 
gambleruin: folds 
Koppesh: folds 
pl@netskii: checks 
*** FLOP *** [6h Td 9s]
pl@netskii: checks 
Quick514: bets $1.19
pl@netskii: folds 
Uncalled bet ($1.19) returned to Quick514
Quick514 collected $1.19 from pot
Quick514: doesn't show hand 
*** SUMMARY ***
Total pot $1.25 | Rake $0.06 
Board [6h Td 9s]
Seat 1: gambleruin (button) folded before Flop (didn't bet)
Seat 2: Koppesh (small blind) folded before Flop
Seat 3: pl@netskii (big blind) folded on the Flop
Seat 4: Quick514 collected ($1.19)
Seat 6: dexeosRankX folded before Flop (didn't bet)



PokerStars Hand #228673603386:  Hold'em No Limit ($0.25/$0.50 USD) - 2021/07/30 1:33:47 ET
Table 'Ragazza' 9-max Seat #2 is the button
Seat 1: gambleruin ($50 in chips) 
Seat 2: Koppesh ($50 in chips) 
Seat 3: pl@netskii ($51 in chips) 
Seat 4: Quick514 ($46.32 in chips) 
Seat 6: dexeosRankX ($50.75 in chips) 
pl@netskii: posts small blind $0.25
Quick514: posts big blind $0.50
*** HOLE CARDS ***
dexeosRankX: folds 
gambleruin: folds 
Koppesh: folds 
pl@netskii: calls $0.25
Quick514: raises $1 to $1.50
pl@netskii: folds 
Uncalled bet ($1) returned to Quick514
Quick514 collected $1 from pot
Quick514: doesn't show hand 
*** SUMMARY ***
Total pot $1 | Rake $0 
Seat 1: gambleruin folded before Flop (didn't bet)
Seat 2: Koppesh (button) folded before Flop (didn't bet)
Seat 3: pl@netskii (small blind) folded before Flop
Seat 4: Quick514 (big blind) collected ($1)
Seat 6: dexeosRankX folded before Flop (didn't bet)



PokerStars Hand #228673606662:  Hold'em No Limit ($0.25/$0.50 USD) - 2021/07/30 1:34:10 ET
Table 'Ragazza' 9-max Seat #3 is the button
Seat 1: gambleruin ($50 in chips) 
Seat 2: Koppesh ($50 in chips) 
Seat 3: pl@netskii ($50.50 in chips) 
Seat 4: Quick514 ($46.82 in chips) 
Seat 6: dexeosRankX ($50.75 in chips) 
Quick514: posts small blind $0.25
dexeosRankX: posts big blind $0.50
*** HOLE CARDS ***
artemxxl joins the table at seat #5 
gambleruin: folds 
Koppesh: folds 
pl@netskii: folds 
Quick514: folds 
Uncalled bet ($0.25) returned to dexeosRankX
Quick514 leaves the table
dexeosRankX collected $0.50 from pot
dexeosRankX: doesn't show hand 
*** SUMMARY ***
Total pot $0.50 | Rake $0 
Seat 1: gambleruin folded before Flop (didn't bet)
Seat 2: Koppesh folded before Flop (didn't bet)
Seat 3: pl@netskii (button) folded before Flop (didn't bet)
Seat 4: Quick514 (small blind) folded before Flop
Seat 6: dexeosRankX (big blind) collected ($0.50)



PokerStars Hand #228673608481:  Hold'em No Limit ($0.25/$0.50 USD) - 2021/07/30 1:34:23 ET
Table 'Ragazza' 9-max Seat #6 is the button
Seat 1: gambleruin ($50 in chips) 
Seat 2: Koppesh ($50 in chips) 
Seat 3: pl@netskii ($50.50 in chips) 
Seat 6: dexeosRankX ($51 in chips) 
gambleruin: posts small blind $0.25
Koppesh: posts big blind $0.50
artemxxl: sits out 
*** HOLE CARDS ***
pl@netskii: folds 
dexeosRankX: raises $0.65 to $1.15
gambleruin: folds 
Koppesh: raises $3.85 to $5
dexeosRankX: folds 
Uncalled bet ($3.85) returned to Koppesh
Koppesh collected $2.55 from pot
Koppesh: doesn't show hand 
*** SUMMARY ***
Total pot $2.55 | Rake $0 
Seat 1: gambleruin (small blind) folded before Flop
Seat 2: Koppesh (big blind) collected ($2.55)
Seat 3: pl@netskii folded before Flop (didn't bet)
Seat 6: dexeosRankX (button) folded before Flop



PokerStars Hand #228673611334:  Hold'em No Limit ($0.25/$0.50 USD) - 2021/07/30 1:34:43 ET
Table 'Ragazza' 9-max Seat #1 is the button
Seat 1: gambleruin ($50 in chips) 
Seat 2: Koppesh ($51.40 in chips) 
Seat 3: pl@netskii ($50.50 in chips) 
Seat 6: dexeosRankX ($50 in chips) 
Koppesh: posts small blind $0.25
pl@netskii: posts big blind $0.50
artemxxl: sits out 
*** HOLE CARDS ***
dexeosRankX: folds 
gambleruin: raises $0.75 to $1.25
Koppesh: raises $3.75 to $5
pl@netskii: folds 
gambleruin: folds 
Uncalled bet ($3.75) returned to Koppesh
Koppesh collected $3 from pot
Koppesh: doesn't show hand 
*** SUMMARY ***
Total pot $3 | Rake $0 
Seat 1: gambleruin (button) folded before Flop
Seat 2: Koppesh (small blind) collected ($3)
Seat 3: pl@netskii (big blind) folded before Flop
Seat 6: dexeosRankX folded before Flop (didn't bet)



PokerStars Hand #228673616300:  Hold'em No Limit ($0.25/$0.50 USD) - 2021/07/30 1:35:19 ET
Table 'Ragazza' 9-max Seat #2 is the button
Seat 1: gambleruin ($50 in chips) 
Seat 2: Koppesh ($53.15 in chips) 
Seat 3: pl@netskii ($50 in chips) 
Seat 5: artemxxl ($50 in chips) 
Seat 6: dexeosRankX ($50 in chips) 
pl@netskii: posts small blind $0.25
artemxxl: posts big blind $0.50
*** HOLE CARDS ***
dexeosRankX: folds 
SIRCopenhagen joins the table at seat #8 
gambleruin: folds 
Koppesh: folds 
pl@netskii: folds 
Uncalled bet ($0.25) returned to artemxxl
artemxxl collected $0.50 from pot
*** SUMMARY ***
Total pot $0.50 | Rake $0 
Seat 1: gambleruin folded before Flop (didn't bet)
Seat 2: Koppesh (button) folded before Flop (didn't bet)
Seat 3: pl@netskii (small blind) folded before Flop
Seat 5: artemxxl (big blind) collected ($0.50)
Seat 6: dexeosRankX folded before Flop (didn't bet)



PokerStars Hand #228673618210:  Hold'em No Limit ($0.25/$0.50 USD) - 2021/07/30 1:35:33 ET
Table 'Ragazza' 9-max Seat #3 is the button
Seat 1: gambleruin ($50 in chips) 
Seat 2: Koppesh ($53.15 in chips) 
Seat 3: pl@netskii ($50 in chips) 
Seat 5: artemxxl ($50.25 in chips) 
Seat 6: dexeosRankX ($50 in chips) 
artemxxl: posts small blind $0.25
dexeosRankX: posts big blind $0.50
SIRCopenhagen: sits out 
*** HOLE CARDS ***
gambleruin: folds 
Koppesh: folds 
pl@netskii: folds 
artemxxl: folds 
Uncalled bet ($0.25) returned to dexeosRankX
dexeosRankX collected $0.50 from pot
dexeosRankX: doesn't show hand 
*** SUMMARY ***
Total pot $0.50 | Rake $0 
Seat 1: gambleruin folded before Flop (didn't bet)
Seat 2: Koppesh folded before Flop (didn't bet)
Seat 3: pl@netskii (button) folded before Flop (didn't bet)
Seat 5: artemxxl (small blind) folded before Flop
Seat 6: dexeosRankX (big blind) collected ($0.50)



PokerStars Hand #228673620901:  Hold'em No Limit ($0.25/$0.50 USD) - 2021/07/30 1:35:53 ET
Table 'Ragazza' 9-max Seat #5 is the button
Seat 1: gambleruin ($50 in chips) 
Seat 2: Koppesh ($53.15 in chips) 
Seat 3: pl@netskii ($50 in chips) 
Seat 5: artemxxl ($50 in chips) 
Seat 6: dexeosRankX ($50.25 in chips) 
Seat 8: SIRCopenhagen ($50 in chips) 
dexeosRankX: posts small blind $0.25
SIRCopenhagen: posts big blind $0.50
*** HOLE CARDS ***
gambleruin: folds 
Koppesh: folds 
pl@netskii: folds 
artemxxl: raises $0.75 to $1.25
dexeosRankX: folds 
SIRCopenhagen: calls $0.75
*** FLOP *** [3h Td Ks]
genthix joins the table at seat #4 
SIRCopenhagen: checks 
artemxxl: bets $1.50
SIRCopenhagen: folds 
Uncalled bet ($1.50) returned to artemxxl
artemxxl collected $2.61 from pot
*** SUMMARY ***
Total pot $2.75 | Rake $0.14 
Board [3h Td Ks]
Seat 1: gambleruin folded before Flop (didn't bet)
Seat 2: Koppesh folded before Flop (didn't bet)
Seat 3: pl@netskii folded before Flop (didn't bet)
Seat 5: artemxxl (button) collected ($2.61)
Seat 6: dexeosRankX (small blind) folded before Flop
Seat 8: SIRCopenhagen (big blind) folded on the Flop



PokerStars Hand #228673624830:  Hold'em No Limit ($0.25/$0.50 USD) - 2021/07/30 1:36:22 ET
Table 'Ragazza' 9-max Seat #6 is the button
Seat 1: gambleruin ($50 in chips) 
Seat 2: Koppesh ($53.15 in chips) 
Seat 3: pl@netskii ($50 in chips) 
Seat 5: artemxxl ($51.36 in chips) 
Seat 6: dexeosRankX ($50 in chips) 
Seat 8: SIRCopenhagen ($48.75 in chips) 
SIRCopenhagen: posts small blind $0.25
gambleruin: posts big blind $0.50
genthix: sits out 
*** HOLE CARDS ***
Koppesh: folds 
pl@netskii: folds 
ilaviiitech joins the table at seat #7 
artemxxl: raises $0.75 to $1.25
dexeosRankX: folds 
SIRCopenhagen: calls $1
gambleruin: folds 
*** FLOP *** [Ah 5h Ks]
SIRCopenhagen: checks 
artemxxl: bets $1.75
SIRCopenhagen: folds 
Uncalled bet ($1.75) returned to artemxxl
artemxxl collected $2.85 from pot
artemxxl: doesn't show hand 
*** SUMMARY ***
Total pot $3 | Rake $0.15 
Board [Ah 5h Ks]
Seat 1: gambleruin (big blind) folded before Flop
Seat 2: Koppesh folded before Flop (didn't bet)
Seat 3: pl@netskii folded before Flop (didn't bet)
Seat 5: artemxxl collected ($2.85)
Seat 6: dexeosRankX (button) folded before Flop (didn't bet)
Seat 8: SIRCopenhagen (small blind) folded on the Flop



PokerStars Hand #228673629124:  Hold'em No Limit ($0.25/$0.50 USD) - 2021/07/30 1:36:52 ET
Table 'Ragazza' 9-max Seat #8 is the button
Seat 1: gambleruin ($50 in chips) 
Seat 2: Koppesh ($53.15 in chips) 
Seat 3: pl@netskii ($50 in chips) 
Seat 5: artemxxl ($52.96 in chips) 
Seat 6: dexeosRankX ($50 in chips) 
Seat 8: SIRCopenhagen ($47.50 in chips) 
gambleruin: posts small blind $0.25
Koppesh: posts big blind $0.50
genthix: sits out 
ilaviiitech: sits out 
*** HOLE CARDS ***
pl@netskii: raises $1 to $1.50
DGP215 joins the table at seat #9 
artemxxl: folds 
dexeosRankX: folds 
SIRCopenhagen: calls $1.50
gambleruin: folds 
Koppesh: folds 
*** FLOP *** [Ac Td 6d]
pl@netskii: checks 
SIRCopenhagen: bets $1.78
pl@netskii: calls $1.78
*** TURN *** [Ac Td 6d] [2d]
pl@netskii: checks 
SIRCopenhagen: checks 
*** RIVER *** [Ac Td 6d 2d] [8s]
pl@netskii: checks 
SIRCopenhagen: checks 
*** SHOW DOWN ***
pl@netskii: shows [7d 7c] (a pair of Sevens)
SIRCopenhagen: mucks hand 
pl@netskii collected $6.94 from pot
*** SUMMARY ***
Total pot $7.31 | Rake $0.37 
Board [Ac Td 6d 2d 8s]
Seat 1: gambleruin (small blind) folded before Flop
Seat 2: Koppesh (big blind) folded before Flop
Seat 3: pl@netskii showed [7d 7c] and won ($6.94) with a pair of Sevens
Seat 5: artemxxl folded before Flop (didn't bet)
Seat 6: dexeosRankX folded before Flop (didn't bet)
Seat 8: SIRCopenhagen (button) mucked



PokerStars Hand #228673634340:  Hold'em No Limit ($0.25/$0.50 USD) - 2021/07/30 1:37:30 ET
Table 'Ragazza' 9-max Seat #1 is the button
Seat 1: gambleruin ($50 in chips) 
Seat 2: Koppesh ($52.65 in chips) 
Seat 3: pl@netskii ($53.66 in chips) 
Seat 5: artemxxl ($52.96 in chips) 
Seat 6: dexeosRankX ($50 in chips) 
Seat 8: SIRCopenhagen ($44.22 in chips) 
Koppesh: posts small blind $0.25
pl@netskii: posts big blind $0.50
genthix: sits out 
ilaviiitech: sits out 
DGP215: sits out 
*** HOLE CARDS ***
artemxxl: raises $1 to $1.50
dexeosRankX: folds 
SIRCopenhagen: folds 
gambleruin: raises $2.75 to $4.25
Koppesh: folds 
pl@netskii: folds 
artemxxl: folds 
Uncalled bet ($2.75) returned to gambleruin
gambleruin collected $3.75 from pot
gambleruin: doesn't show hand 
*** SUMMARY ***
Total pot $3.75 | Rake $0 
Seat 1: gambleruin (button) collected ($3.75)
Seat 2: Koppesh (small blind) folded before Flop
Seat 3: pl@netskii (big blind) folded before Flop
Seat 5: artemxxl folded before Flop
Seat 6: dexeosRankX folded before Flop (didn't bet)
Seat 8: SIRCopenhagen folded before Flop (didn't bet)



PokerStars Hand #228673639011:  Hold'em No Limit ($0.25/$0.50 USD) - 2021/07/30 1:38:03 ET
Table 'Ragazza' 9-max Seat #2 is the button
Seat 1: gambleruin ($52.25 in chips) 
Seat 2: Koppesh ($52.40 in chips) 
Seat 3: pl@netskii ($53.16 in chips) 
Seat 4: genthix ($25 in chips) 
Seat 5: artemxxl ($51.46 in chips) 
Seat 6: dexeosRankX ($50 in chips) 
Seat 8: SIRCopenhagen ($44.22 in chips) 
Seat 9: DGP215 ($50 in chips) 
pl@netskii: posts small blind $0.25
genthix: posts big blind $0.50
ilaviiitech: sits out 
DGP215: posts big blind $0.50
*** HOLE CARDS ***
artemxxl: folds 
dexeosRankX: folds 
SIRCopenhagen: raises $1 to $1.50
DGP215: folds 
gambleruin: raises $3.50 to $5
Koppesh: folds 
pl@netskii: folds 
genthix: raises $20 to $25 and is all-in
SIRCopenhagen: folds 
gambleruin: folds 
Uncalled bet ($20) returned to genthix
genthix collected $12.25 from pot
genthix: doesn't show hand 
*** SUMMARY ***
Total pot $12.25 | Rake $0 
Seat 1: gambleruin folded before Flop
Seat 2: Koppesh (button) folded before Flop (didn't bet)
Seat 3: pl@netskii (small blind) folded before Flop
Seat 4: genthix (big blind) collected ($12.25)
Seat 5: artemxxl folded before Flop (didn't bet)
Seat 6: dexeosRankX folded before Flop (didn't bet)
Seat 8: SIRCopenhagen folded before Flop
Seat 9: DGP215 folded before Flop (didn't bet)



PokerStars Hand #228673643738:  Hold'em No Limit ($0.25/$0.50 USD) - 2021/07/30 1:38:38 ET
Table 'Ragazza' 9-max Seat #3 is the button
Seat 1: gambleruin ($50 in chips) 
Seat 2: Koppesh ($52.40 in chips) 
Seat 3: pl@netskii ($52.91 in chips) 
Seat 4: genthix ($32.25 in chips) 
Seat 5: artemxxl ($51.46 in chips) 
Seat 6: dexeosRankX ($50 in chips) 
Seat 8: SIRCopenhagen ($42.72 in chips) 
Seat 9: DGP215 ($49.50 in chips) 
genthix: posts small blind $0.25
artemxxl: posts big blind $0.50
ilaviiitech: sits out 
*** HOLE CARDS ***
dexeosRankX: folds 
SIRCopenhagen: folds 
DGP215: folds 
gambleruin: raises $1 to $1.50
Koppesh: folds 
pl@netskii: folds 
genthix: folds 
artemxxl: folds 
Uncalled bet ($1) returned to gambleruin
gambleruin collected $1.25 from pot
gambleruin: doesn't show hand 
*** SUMMARY ***
Total pot $1.25 | Rake $0 
Seat 1: gambleruin collected ($1.25)
Seat 2: Koppesh folded before Flop (didn't bet)
Seat 3: pl@netskii (button) folded before Flop (didn't bet)
Seat 4: genthix (small blind) folded before Flop
Seat 5: artemxxl (big blind) folded before Flop
Seat 6: dexeosRankX folded before Flop (didn't bet)
Seat 8: SIRCopenhagen folded before Flop (didn't bet)
Seat 9: DGP215 folded before Flop (didn't bet)



PokerStars Hand #228673652122:  Hold'em No Limit ($0.25/$0.50 USD) - 2021/07/30 1:39:10 ET
Table 'Ragazza' 9-max Seat #4 is the button
Seat 1: gambleruin ($50.75 in chips) 
Seat 2: Koppesh ($52.40 in chips) 
Seat 3: pl@netskii ($52.91 in chips) 
Seat 4: genthix ($32 in chips) 
Seat 5: artemxxl ($50.96 in chips) 
Seat 6: dexeosRankX ($50 in chips) 
Seat 8: SIRCopenhagen ($42.72 in chips) 
Seat 9: DGP215 ($49.50 in chips) 
artemxxl: posts small blind $0.25
dexeosRankX: posts big blind $0.50
ilaviiitech: sits out 
*** HOLE CARDS ***
SIRCopenhagen: folds 
DGP215: raises $0.50 to $1
gambleruin: folds 
Koppesh: folds 
pl@netskii: folds 
genthix: calls $1
artemxxl: raises $4.50 to $5.50
dexeosRankX: folds 
DGP215: calls $4.50
genthix: folds 
*** FLOP *** [7s 8s 4h]
artemxxl: bets $7
DGP215: calls $7
*** TURN *** [7s 8s 4h] [3d]
artemxxl: checks 
DGP215: bets $25.18
artemxxl: raises $13.28 to $38.46 and is all-in
DGP215: calls $11.82 and is all-in
Uncalled bet ($1.46) returned to artemxxl
*** RIVER *** [7s 8s 4h 3d] [5h]
*** SHOW DOWN ***
artemxxl: shows [Ts Th] (a pair of Tens)
DGP215: shows [7h Ah] (a pair of Sevens)
artemxxl collected $98.50 from pot
*** SUMMARY ***
Total pot $100.50 | Rake $2 
Board [7s 8s 4h 3d 5h]
Seat 1: gambleruin folded before Flop (didn't bet)
Seat 2: Koppesh folded before Flop (didn't bet)
Seat 3: pl@netskii folded before Flop (didn't bet)
Seat 4: genthix (button) folded before Flop
Seat 5: artemxxl (small blind) showed [Ts Th] and won ($98.50) with a pair of Tens
Seat 6: dexeosRankX (big blind) folded before Flop
Seat 8: SIRCopenhagen folded before Flop (didn't bet)
Seat 9: DGP215 showed [7h Ah] and lost with a pair of Sevens



PokerStars Hand #228673661084:  Hold'em No Limit ($0.25/$0.50 USD) - 2021/07/30 1:40:14 ET
Table 'Ragazza' 9-max Seat #5 is the button
Seat 1: gambleruin ($50.75 in chips) 
Seat 2: Koppesh ($52.40 in chips) 
Seat 3: pl@netskii ($52.91 in chips) 
Seat 4: genthix ($31 in chips) 
Seat 5: artemxxl ($99.96 in chips) 
Seat 6: dexeosRankX ($50 in chips) 
Seat 7: ilaviiitech ($50 in chips) 
Seat 8: SIRCopenhagen ($42.72 in chips) 
dexeosRankX: posts small blind $0.25
ilaviiitech: posts big blind $0.50
*** HOLE CARDS ***
SIRCopenhagen: calls $0.50
gambleruin: folds 
Koppesh: folds 
pl@netskii: folds 
genthix: folds 
artemxxl: folds 
dexeosRankX: folds 
ilaviiitech: checks 
*** FLOP *** [5c Js 4c]
ilaviiitech: checks 
SIRCopenhagen: bets $0.60
ilaviiitech: calls $0.60
*** TURN *** [5c Js 4c] [Jh]
ilaviiitech: checks 
SIRCopenhagen: bets $1.17
ilaviiitech: raises $2.66 to $3.83
SIRCopenhagen: calls $2.66
*** RIVER *** [5c Js 4c Jh] [Kh]
ilaviiitech: checks 
SIRCopenhagen: checks 
*** SHOW DOWN ***
ilaviiitech: shows [Jc 6h] (three of a kind, Jacks)
SIRCopenhagen: mucks hand 
ilaviiitech collected $9.60 from pot
*** SUMMARY ***
Total pot $10.11 | Rake $0.51 
Board [5c Js 4c Jh Kh]
Seat 1: gambleruin folded before Flop (didn't bet)
Seat 2: Koppesh folded before Flop (didn't bet)
Seat 3: pl@netskii folded before Flop (didn't bet)
Seat 4: genthix folded before Flop (didn't bet)
Seat 5: artemxxl (button) folded before Flop (didn't bet)
Seat 6: dexeosRankX (small blind) folded before Flop
Seat 7: ilaviiitech (big blind) showed [Jc 6h] and won ($9.60) with three of a kind, Jacks
Seat 8: SIRCopenhagen mucked



PokerStars Hand #228673667873:  Hold'em No Limit ($0.25/$0.50 USD) - 2021/07/30 1:41:04 ET
Table 'Ragazza' 9-max Seat #6 is the button
Seat 1: gambleruin ($50.75 in chips) 
Seat 2: Koppesh ($52.40 in chips) 
Seat 3: pl@netskii ($52.91 in chips) 
Seat 4: genthix ($31 in chips) 
Seat 5: artemxxl ($99.96 in chips) 
Seat 6: dexeosRankX ($50 in chips) 
Seat 7: ilaviiitech ($54.67 in chips) 
Seat 8: SIRCopenhagen ($37.79 in chips) 
ilaviiitech: posts small blind $0.25
SIRCopenhagen: posts big blind $0.50
*** HOLE CARDS ***
DGP215 leaves the table
gambleruin: folds 
Koppesh: folds 
pl@netskii: folds 
genthix: raises $0.50 to $1
artemxxl: raises $2.50 to $3.50
Effort92 joins the table at seat #9 
dexeosRankX: folds 
ilaviiitech: folds 
SIRCopenhagen: folds 
genthix: calls $2.50
*** FLOP *** [Kh 4d Ts]
genthix: checks 
artemxxl: bets $2.75
genthix: calls $2.75
*** TURN *** [Kh 4d Ts] [6h]
genthix: checks 
artemxxl: checks 
*** RIVER *** [Kh 4d Ts 6h] [Th]
genthix: bets $7
artemxxl: folds 
Uncalled bet ($7) returned to genthix
Effort92 leaves the table
genthix collected $12.59 from pot
genthix: doesn't show hand 
*** SUMMARY ***
Total pot $13.25 | Rake $0.66 
Board [Kh 4d Ts 6h Th]
Seat 1: gambleruin folded before Flop (didn't bet)
Seat 2: Koppesh folded before Flop (didn't bet)
Seat 3: pl@netskii folded before Flop (didn't bet)
Seat 4: genthix collected ($12.59)
Seat 5: artemxxl folded on the River
Seat 6: dexeosRankX (button) folded before Flop (didn't bet)
Seat 7: ilaviiitech (small blind) folded before Flop
Seat 8: SIRCopenhagen (big blind) folded before Flop



PokerStars Hand #228673675336:  Hold'em No Limit ($0.25/$0.50 USD) - 2021/07/30 1:41:58 ET
Table 'Ragazza' 9-max Seat #7 is the button
Seat 1: gambleruin ($50.75 in chips) 
Seat 2: Koppesh ($52.40 in chips) 
Seat 3: pl@netskii ($52.91 in chips) 
Seat 4: genthix ($37.34 in chips) 
Seat 5: artemxxl ($93.71 in chips) 
Seat 6: dexeosRankX ($50 in chips) 
Seat 7: ilaviiitech ($54.42 in chips) 
Seat 8: SIRCopenhagen ($37.29 in chips) 
SIRCopenhagen: posts small blind $0.25
gambleruin: posts big blind $0.50
*** HOLE CARDS ***
Koppesh: folds 
Chainicheck joins the table at seat #9 
Koppesh leaves the table
pl@netskii: folds 
genthix: folds 
artemxxl: folds 
ssorinacho92 joins the table at seat #2 
dexeosRankX: raises $0.65 to $1.15
ilaviiitech: folds 
SIRCopenhagen: calls $0.90
gambleruin: folds 
*** FLOP *** [Kc 2h 9c]
SIRCopenhagen: checks 
dexeosRankX: bets $0.88
SIRCopenhagen: raises $0.88 to $1.76
dexeosRankX: calls $0.88
*** TURN *** [Kc 2h 9c] [3c]
SIRCopenhagen: checks 
dexeosRankX: checks 
*** RIVER *** [Kc 2h 9c 3c] [9h]
SIRCopenhagen: bets $3
dexeosRankX: folds 
Uncalled bet ($3) returned to SIRCopenhagen
SIRCopenhagen collected $6 from pot
SIRCopenhagen: doesn't show hand 
*** SUMMARY ***
Total pot $6.32 | Rake $0.32 
Board [Kc 2h 9c 3c 9h]
Seat 1: gambleruin (big blind) folded before Flop
Seat 2: Koppesh folded before Flop (didn't bet)
Seat 3: pl@netskii folded before Flop (didn't bet)
Seat 4: genthix folded before Flop (didn't bet)
Seat 5: artemxxl folded before Flop (didn't bet)
Seat 6: dexeosRankX folded on the River
Seat 7: ilaviiitech (button) folded before Flop (didn't bet)
Seat 8: SIRCopenhagen (small blind) collected ($6)



PokerStars Hand #228673683532:  Hold'em No Limit ($0.25/$0.50 USD) - 2021/07/30 1:42:57 ET
Table 'Ragazza' 9-max Seat #8 is the button
Seat 1: gambleruin ($50.25 in chips) 
Seat 2: ssorinacho92 ($50 in chips) 
Seat 3: pl@netskii ($52.91 in chips) 
Seat 4: genthix ($37.34 in chips) 
Seat 5: artemxxl ($93.71 in chips) 
Seat 6: dexeosRankX ($50 in chips) 
Seat 7: ilaviiitech ($54.42 in chips) 
Seat 8: SIRCopenhagen ($40.38 in chips) 
gambleruin: posts small blind $0.25
ssorinacho92: posts big blind $0.50
*** HOLE CARDS ***
pl@netskii: folds 
genthix: raises $1 to $1.50
artemxxl: raises $3.75 to $5.25
dexeosRankX: folds 
ilaviiitech: folds 
SIRCopenhagen: folds 
gambleruin: folds 
ssorinacho92: folds 
genthix: raises $32.09 to $37.34 and is all-in
artemxxl: folds 
Uncalled bet ($32.09) returned to genthix
genthix collected $11.25 from pot
genthix: doesn't show hand 
*** SUMMARY ***
Total pot $11.25 | Rake $0 
Seat 1: gambleruin (small blind) folded before Flop
Seat 2: ssorinacho92 (big blind) folded before Flop
Seat 3: pl@netskii folded before Flop (didn't bet)
Seat 4: genthix collected ($11.25)
Seat 5: artemxxl folded before Flop
Seat 6: dexeosRankX folded before Flop (didn't bet)
Seat 7: ilaviiitech folded before Flop (didn't bet)
Seat 8: SIRCopenhagen (button) folded before Flop (didn't bet)



PokerStars Hand #228673687231:  Hold'em No Limit ($0.25/$0.50 USD) - 2021/07/30 1:43:24 ET
Table 'Ragazza' 9-max Seat #1 is the button
Seat 1: gambleruin ($50 in chips) 
Seat 2: ssorinacho92 ($49.50 in chips) 
Seat 3: pl@netskii ($52.91 in chips) 
Seat 4: genthix ($43.34 in chips) 
Seat 5: artemxxl ($88.46 in chips) 
Seat 6: dexeosRankX ($50 in chips) 
Seat 7: ilaviiitech ($54.42 in chips) 
Seat 8: SIRCopenhagen ($40.38 in chips) 
ssorinacho92: posts small blind $0.25
pl@netskii: posts big blind $0.50
Chainicheck: sits out 
*** HOLE CARDS ***
genthix: folds 
artemxxl: folds 
dexeosRankX: raises $0.65 to $1.15
ilaviiitech: raises $3.35 to $4.50
SIRCopenhagen: folds 
gambleruin: folds 
ssorinacho92: folds 
pl@netskii: folds 
dexeosRankX: folds 
Uncalled bet ($3.35) returned to ilaviiitech
ilaviiitech collected $3.05 from pot
ilaviiitech: doesn't show hand 
*** SUMMARY ***
Total pot $3.05 | Rake $0 
Seat 1: gambleruin (button) folded before Flop (didn't bet)
Seat 2: ssorinacho92 (small blind) folded before Flop
Seat 3: pl@netskii (big blind) folded before Flop
Seat 4: genthix folded before Flop (didn't bet)
Seat 5: artemxxl folded before Flop (didn't bet)
Seat 6: dexeosRankX folded before Flop
Seat 7: ilaviiitech collected ($3.05)
Seat 8: SIRCopenhagen folded before Flop (didn't bet)



PokerStars Hand #228673690789:  Hold'em No Limit ($0.25/$0.50 USD) - 2021/07/30 1:43:50 ET
Table 'Ragazza' 9-max Seat #2 is the button
Seat 1: gambleruin ($50 in chips) 
Seat 2: ssorinacho92 ($49.25 in chips) 
Seat 3: pl@netskii ($52.41 in chips) 
Seat 4: genthix ($43.34 in chips) 
Seat 5: artemxxl ($88.46 in chips) 
Seat 6: dexeosRankX ($50 in chips) 
Seat 7: ilaviiitech ($56.32 in chips) 
Seat 8: SIRCopenhagen ($40.38 in chips) 
pl@netskii: posts small blind $0.25
genthix: posts big blind $0.50
Chainicheck: sits out 
*** HOLE CARDS ***
artemxxl: raises $1 to $1.50
dexeosRankX: folds 
ilaviiitech: folds 
SIRCopenhagen: folds 
gambleruin: folds 
ssorinacho92: folds 
pl@netskii: folds 
genthix: calls $1
*** FLOP *** [Qh 5d 6h]
genthix: bets $1.50
artemxxl: calls $1.50
*** TURN *** [Qh 5d 6h] [Qd]
genthix: checks 
artemxxl: bets $3.92
genthix: calls $3.92
*** RIVER *** [Qh 5d 6h Qd] [Kc]
genthix: checks 
artemxxl: checks 
*** SHOW DOWN ***
genthix: shows [6s 5s] (two pair, Queens and Sixes)
artemxxl: shows [Th Ts] (two pair, Queens and Tens)
artemxxl collected $13.39 from pot
*** SUMMARY ***
Total pot $14.09 | Rake $0.70 
Board [Qh 5d 6h Qd Kc]
Seat 1: gambleruin folded before Flop (didn't bet)
Seat 2: ssorinacho92 (button) folded before Flop (didn't bet)
Seat 3: pl@netskii (small blind) folded before Flop
Seat 4: genthix (big blind) showed [6s 5s] and lost with two pair, Queens and Sixes
Seat 5: artemxxl showed [Th Ts] and won ($13.39) with two pair, Queens and Tens
Seat 6: dexeosRankX folded before Flop (didn't bet)
Seat 7: ilaviiitech folded before Flop (didn't bet)
Seat 8: SIRCopenhagen folded before Flop (didn't bet)



PokerStars Hand #228673695122:  Hold'em No Limit ($0.25/$0.50 USD) - 2021/07/30 1:44:20 ET
Table 'Ragazza' 9-max Seat #3 is the button
Seat 1: gambleruin ($50 in chips) 
Seat 2: ssorinacho92 ($49.25 in chips) 
Seat 3: pl@netskii ($52.16 in chips) 
Seat 4: genthix ($36.42 in chips) 
Seat 5: artemxxl ($94.93 in chips) 
Seat 6: dexeosRankX ($50 in chips) 
Seat 7: ilaviiitech ($56.32 in chips) 
Seat 8: SIRCopenhagen ($40.38 in chips) 
genthix: posts small blind $0.25
artemxxl: posts big blind $0.50
Chainicheck: sits out 
*** HOLE CARDS ***
dexeosRankX: folds 
ilaviiitech: raises $0.78 to $1.28
SIRCopenhagen: folds 
gambleruin: folds 
ssorinacho92: folds 
pl@netskii: folds 
genthix: calls $1.03
artemxxl: folds 
*** FLOP *** [8s 3h 6c]
genthix: checks 
ilaviiitech: bets $1.66
genthix: calls $1.66
*** TURN *** [8s 3h 6c] [Qc]
genthix: checks 
ilaviiitech: checks 
*** RIVER *** [8s 3h 6c Qc] [As]
genthix: bets $3.03
ilaviiitech: folds 
Uncalled bet ($3.03) returned to genthix
genthix collected $6.06 from pot
genthix: doesn't show hand 
*** SUMMARY ***
Total pot $6.38 | Rake $0.32 
Board [8s 3h 6c Qc As]
Seat 1: gambleruin folded before Flop (didn't bet)
Seat 2: ssorinacho92 folded before Flop (didn't bet)
Seat 3: pl@netskii (button) folded before Flop (didn't bet)
Seat 4: genthix (small blind) collected ($6.06)
Seat 5: artemxxl (big blind) folded before Flop
Seat 6: dexeosRankX folded before Flop (didn't bet)
Seat 7: ilaviiitech folded on the River
Seat 8: SIRCopenhagen folded before Flop (didn't bet)



PokerStars Hand #228673700514:  Hold'em No Limit ($0.25/$0.50 USD) - 2021/07/30 1:45:01 ET
Table 'Ragazza' 9-max Seat #4 is the button
Seat 1: gambleruin ($50 in chips) 
Seat 2: ssorinacho92 ($49.25 in chips) 
Seat 3: pl@netskii ($52.16 in chips) 
Seat 4: genthix ($39.54 in chips) 
Seat 5: artemxxl ($94.43 in chips) 
Seat 6: dexeosRankX ($50 in chips) 
Seat 7: ilaviiitech ($53.38 in chips) 
Seat 8: SIRCopenhagen ($40.38 in chips) 
artemxxl: posts small blind $0.25
dexeosRankX: posts big blind $0.50
Chainicheck: sits out 
*** HOLE CARDS ***
ilaviiitech: raises $0.78 to $1.28
SIRCopenhagen: folds 
gambleruin: folds 
ssorinacho92: folds 
pl@netskii: raises $2.97 to $4.25
genthix: folds 
artemxxl: folds 
dexeosRankX: folds 
ilaviiitech: calls $2.97
*** FLOP *** [9d Kc Ah]
ilaviiitech: checks 
pl@netskii: checks 
*** TURN *** [9d Kc Ah] [8c]
ilaviiitech: checks 
pl@netskii: bets $1.75
ilaviiitech: folds 
Uncalled bet ($1.75) returned to pl@netskii
pl@netskii collected $8.79 from pot
*** SUMMARY ***
Total pot $9.25 | Rake $0.46 
Board [9d Kc Ah 8c]
Seat 1: gambleruin folded before Flop (didn't bet)
Seat 2: ssorinacho92 folded before Flop (didn't bet)
Seat 3: pl@netskii collected ($8.79)
Seat 4: genthix (button) folded before Flop (didn't bet)
Seat 5: artemxxl (small blind) folded before Flop
Seat 6: dexeosRankX (big blind) folded before Flop
Seat 7: ilaviiitech folded on the Turn
Seat 8: SIRCopenhagen folded before Flop (didn't bet)



PokerStars Hand #228673719334:  Hold'em No Limit ($0.25/$0.50 USD) - 2021/07/30 1:47:18 ET
Table 'Ragazza' 9-max Seat #6 is the button
Seat 1: gambleruin ($54.18 in chips) 
Seat 2: ssorinacho92 ($49.25 in chips) 
Seat 3: pl@netskii ($56.70 in chips) 
Seat 4: genthix ($35.69 in chips) 
Seat 5: artemxxl ($94.18 in chips) 
Seat 6: dexeosRankX ($50 in chips) 
Seat 7: ilaviiitech ($50 in chips) 
Seat 8: SIRCopenhagen ($40.38 in chips) 
ilaviiitech: posts small blind $0.25
SIRCopenhagen: posts big blind $0.50
Chainicheck: sits out 
*** HOLE CARDS ***
gambleruin: folds 
ssorinacho92: folds 
pl@netskii: folds 
genthix: folds 
artemxxl: folds 
dexeosRankX: folds 
ilaviiitech: folds 
Uncalled bet ($0.25) returned to SIRCopenhagen
SIRCopenhagen collected $0.50 from pot
SIRCopenhagen: doesn't show hand 
*** SUMMARY ***
Total pot $0.50 | Rake $0 
Seat 1: gambleruin folded before Flop (didn't bet)
Seat 2: ssorinacho92 folded before Flop (didn't bet)
Seat 3: pl@netskii folded before Flop (didn't bet)
Seat 4: genthix folded before Flop (didn't bet)
Seat 5: artemxxl folded before Flop (didn't bet)
Seat 6: dexeosRankX (button) folded before Flop (didn't bet)
Seat 7: ilaviiitech (small blind) folded before Flop
Seat 8: SIRCopenhagen (big blind) collected ($0.50)



PokerStars Hand #228673720820:  Hold'em No Limit ($0.25/$0.50 USD) - 2021/07/30 1:47:29 ET
Table 'Ragazza' 9-max Seat #7 is the button
Seat 1: gambleruin ($54.18 in chips) 
Seat 2: ssorinacho92 ($49.25 in chips) 
Seat 3: pl@netskii ($56.70 in chips) 
Seat 4: genthix ($35.69 in chips) 
Seat 5: artemxxl ($94.18 in chips) 
Seat 6: dexeosRankX ($50 in chips) 
Seat 7: ilaviiitech ($50 in chips) 
Seat 8: SIRCopenhagen ($40.63 in chips) 
Seat 9: Chainicheck ($50 in chips) 
SIRCopenhagen: posts small blind $0.25
Chainicheck: posts big blind $0.50
*** HOLE CARDS ***
gambleruin: folds 
ssorinacho92: folds 
pl@netskii: folds 
genthix: folds 
artemxxl: folds 
dexeosRankX: raises $0.65 to $1.15
ilaviiitech: raises $3.35 to $4.50
SIRCopenhagen: folds 
Chainicheck: folds 
dexeosRankX: calls $3.35
*** FLOP *** [8d Qd 9d]
dexeosRankX: checks 
ilaviiitech: checks 
*** TURN *** [8d Qd 9d] [9c]
dexeosRankX: bets $4.63
ilaviiitech: raises $4.63 to $9.26
dexeosRankX: calls $4.63
*** RIVER *** [8d Qd 9d 9c] [Ks]
dexeosRankX: checks 
ilaviiitech: checks 
*** SHOW DOWN ***
dexeosRankX: shows [Qh Kh] (two pair, Kings and Queens)
ilaviiitech: mucks hand 
dexeosRankX collected $26.86 from pot
*** SUMMARY ***
Total pot $28.27 | Rake $1.41 
Board [8d Qd 9d 9c Ks]
Seat 1: gambleruin folded before Flop (didn't bet)
Seat 2: ssorinacho92 folded before Flop (didn't bet)
Seat 3: pl@netskii folded before Flop (didn't bet)
Seat 4: genthix folded before Flop (didn't bet)
Seat 5: artemxxl folded before Flop (didn't bet)
Seat 6: dexeosRankX showed [Qh Kh] and won ($26.86) with two pair, Kings and Queens
Seat 7: ilaviiitech (button) mucked
Seat 8: SIRCopenhagen (small blind) folded before Flop
Seat 9: Chainicheck (big blind) folded before Flop



PokerStars Hand #228673730257:  Hold'em No Limit ($0.25/$0.50 USD) - 2021/07/30 1:48:40 ET
Table 'Ragazza' 9-max Seat #8 is the button
Seat 1: gambleruin ($54.18 in chips) 
Seat 2: ssorinacho92 ($49.25 in chips) 
Seat 3: pl@netskii ($56.70 in chips) 
Seat 4: genthix ($35.69 in chips) 
Seat 5: artemxxl ($94.18 in chips) 
Seat 6: dexeosRankX ($63.10 in chips) 
Seat 7: ilaviiitech ($50 in chips) 
Seat 8: SIRCopenhagen ($40.38 in chips) 
Seat 9: Chainicheck ($50 in chips) 
Chainicheck: posts small blind $0.25
gambleruin: posts big blind $0.50
*** HOLE CARDS ***
ssorinacho92: folds 
pl@netskii: folds 
genthix: folds 
artemxxl: raises $1 to $1.50
dexeosRankX: folds 
ilaviiitech: folds 
SIRCopenhagen: folds 
Chainicheck: folds 
gambleruin: folds 
Uncalled bet ($1) returned to artemxxl
artemxxl collected $1.25 from pot
*** SUMMARY ***
Total pot $1.25 | Rake $0 
Seat 1: gambleruin (big blind) folded before Flop
Seat 2: ssorinacho92 folded before Flop (didn't bet)
Seat 3: pl@netskii folded before Flop (didn't bet)
Seat 4: genthix folded before Flop (didn't bet)
Seat 5: artemxxl collected ($1.25)
Seat 6: dexeosRankX folded before Flop (didn't bet)
Seat 7: ilaviiitech folded before Flop (didn't bet)
Seat 8: SIRCopenhagen (button) folded before Flop (didn't bet)
Seat 9: Chainicheck (small blind) folded before Flop



PokerStars Hand #228673732558:  Hold'em No Limit ($0.25/$0.50 USD) - 2021/07/30 1:48:58 ET
Table 'Ragazza' 9-max Seat #9 is the button
Seat 1: gambleruin ($53.68 in chips) 
Seat 2: ssorinacho92 ($49.25 in chips) 
Seat 3: pl@netskii ($56.70 in chips) 
Seat 4: genthix ($35.69 in chips) 
Seat 5: artemxxl ($94.93 in chips) 
Seat 6: dexeosRankX ($63.10 in chips) 
Seat 7: ilaviiitech ($50 in chips) 
Seat 8: SIRCopenhagen ($40.38 in chips) 
Seat 9: Chainicheck ($50 in chips) 
gambleruin: posts small blind $0.25
ssorinacho92: posts big blind $0.50
*** HOLE CARDS ***
pl@netskii: folds 
genthix: folds 
artemxxl: folds 
dexeosRankX: folds 
ilaviiitech: raises $0.78 to $1.28
SIRCopenhagen: folds 
Chainicheck: folds 
gambleruin: folds 
ssorinacho92: folds 
Uncalled bet ($0.78) returned to ilaviiitech
ilaviiitech collected $1.25 from pot
ilaviiitech: doesn't show hand 
*** SUMMARY ***
Total pot $1.25 | Rake $0 
Seat 1: gambleruin (small blind) folded before Flop
Seat 2: ssorinacho92 (big blind) folded before Flop
Seat 3: pl@netskii folded before Flop (didn't bet)
Seat 4: genthix folded before Flop (didn't bet)
Seat 5: artemxxl folded before Flop (didn't bet)
Seat 6: dexeosRankX folded before Flop (didn't bet)
Seat 7: ilaviiitech collected ($1.25)
Seat 8: SIRCopenhagen folded before Flop (didn't bet)
Seat 9: Chainicheck (button) folded before Flop (didn't bet)



PokerStars Hand #228673736287:  Hold'em No Limit ($0.25/$0.50 USD) - 2021/07/30 1:49:25 ET
Table 'Ragazza' 9-max Seat #1 is the button
Seat 1: gambleruin ($53.43 in chips) 
Seat 2: ssorinacho92 ($48.75 in chips) 
Seat 3: pl@netskii ($56.70 in chips) 
Seat 4: genthix ($35.69 in chips) 
Seat 5: artemxxl ($94.93 in chips) 
Seat 6: dexeosRankX ($63.10 in chips) 
Seat 7: ilaviiitech ($50.75 in chips) 
Seat 8: SIRCopenhagen ($40.38 in chips) 
Seat 9: Chainicheck ($50 in chips) 
ssorinacho92: posts small blind $0.25
pl@netskii: posts big blind $0.50
*** HOLE CARDS ***
genthix: folds 
artemxxl: folds 
dexeosRankX: folds 
ilaviiitech: raises $0.78 to $1.28
SIRCopenhagen: calls $1.28
Chainicheck: folds 
gambleruin: folds 
ssorinacho92: folds 
pl@netskii: folds 
*** FLOP *** [Qh Kh Jd]
ilaviiitech: checks 
SIRCopenhagen: checks 
*** TURN *** [Qh Kh Jd] [3h]
ilaviiitech: checks 
SIRCopenhagen: checks 
*** RIVER *** [Qh Kh Jd 3h] [8s]
ilaviiitech: checks 
SIRCopenhagen: checks 
*** SHOW DOWN ***
ilaviiitech: shows [Ts Js] (a pair of Jacks)
SIRCopenhagen: mucks hand 
ilaviiitech collected $3.14 from pot
*** SUMMARY ***
Total pot $3.31 | Rake $0.17 
Board [Qh Kh Jd 3h 8s]
Seat 1: gambleruin (button) folded before Flop (didn't bet)
Seat 2: ssorinacho92 (small blind) folded before Flop
Seat 3: pl@netskii (big blind) folded before Flop
Seat 4: genthix folded before Flop (didn't bet)
Seat 5: artemxxl folded before Flop (didn't bet)
Seat 6: dexeosRankX folded before Flop (didn't bet)
Seat 7: ilaviiitech showed [Ts Js] and won ($3.14) with a pair of Jacks
Seat 8: SIRCopenhagen mucked
Seat 9: Chainicheck folded before Flop (didn't bet)



PokerStars Hand #228673742159:  Hold'em No Limit ($0.25/$0.50 USD) - 2021/07/30 1:50:09 ET
Table 'Ragazza' 9-max Seat #2 is the button
Seat 1: gambleruin ($53.43 in chips) 
Seat 2: ssorinacho92 ($48.50 in chips) 
Seat 3: pl@netskii ($56.20 in chips) 
Seat 4: genthix ($35.69 in chips) 
Seat 5: artemxxl ($94.93 in chips) 
Seat 6: dexeosRankX ($63.10 in chips) 
Seat 7: ilaviiitech ($52.61 in chips) 
Seat 8: SIRCopenhagen ($39.10 in chips) 
Seat 9: Chainicheck ($50 in chips) 
pl@netskii: posts small blind $0.25
genthix: posts big blind $0.50
*** HOLE CARDS ***
artemxxl: folds 
dexeosRankX: folds 
ilaviiitech: folds 
artemxxl leaves the table
SIRCopenhagen: folds 
Chainicheck: folds 
gambleruin: folds 
ssorinacho92 has timed out
ssorinacho92: folds 
dstrola joins the table at seat #5 
pl@netskii: raises $1 to $1.50
genthix: calls $1
*** FLOP *** [As 8d 7s]
pl@netskii: checks 
genthix: checks 
*** TURN *** [As 8d 7s] [8c]
pl@netskii: bets $1
genthix: calls $1
*** RIVER *** [As 8d 7s 8c] [9c]
pl@netskii: checks 
genthix: bets $3
pl@netskii: calls $3
*** SHOW DOWN ***
genthix: shows [Jc Qc] (a pair of Eights)
pl@netskii: shows [9d Kc] (two pair, Nines and Eights)
pl@netskii collected $10.45 from pot
*** SUMMARY ***
Total pot $11 | Rake $0.55 
Board [As 8d 7s 8c 9c]
Seat 1: gambleruin folded before Flop (didn't bet)
Seat 2: ssorinacho92 (button) folded before Flop (didn't bet)
Seat 3: pl@netskii (small blind) showed [9d Kc] and won ($10.45) with two pair, Nines and Eights
Seat 4: genthix (big blind) showed [Jc Qc] and lost with a pair of Eights
Seat 5: artemxxl folded before Flop (didn't bet)
Seat 6: dexeosRankX folded before Flop (didn't bet)
Seat 7: ilaviiitech folded before Flop (didn't bet)
Seat 8: SIRCopenhagen folded before Flop (didn't bet)
Seat 9: Chainicheck folded before Flop (didn't bet)



PokerStars Hand #228673755011:  Hold'em No Limit ($0.25/$0.50 USD) - 2021/07/30 1:51:44 ET
Table 'Ragazza' 9-max Seat #3 is the button
Seat 1: gambleruin ($53.43 in chips) 
Seat 2: ssorinacho92 ($48.50 in chips) 
Seat 3: pl@netskii ($61.15 in chips) 
Seat 4: genthix ($30.19 in chips) 
Seat 5: dstrola ($50 in chips) 
Seat 6: dexeosRankX ($63.10 in chips) 
Seat 7: ilaviiitech ($52.61 in chips) 
Seat 8: SIRCopenhagen ($39.10 in chips) 
Seat 9: Chainicheck ($50 in chips) 
genthix: posts small blind $0.25
dstrola: posts big blind $0.50
*** HOLE CARDS ***
dexeosRankX: folds 
ilaviiitech: folds 
SIRCopenhagen: folds 
Chainicheck: folds 
gambleruin: folds 
ssorinacho92: folds 
pl@netskii: raises $1 to $1.50
SIRCopenhagen leaves the table
genthix: folds 
dstrola: folds 
Uncalled bet ($1) returned to pl@netskii
pl@netskii collected $1.25 from pot
*** SUMMARY ***
Total pot $1.25 | Rake $0 
Seat 1: gambleruin folded before Flop (didn't bet)
Seat 2: ssorinacho92 folded before Flop (didn't bet)
Seat 3: pl@netskii (button) collected ($1.25)
Seat 4: genthix (small blind) folded before Flop
Seat 5: dstrola (big blind) folded before Flop
Seat 6: dexeosRankX folded before Flop (didn't bet)
Seat 7: ilaviiitech folded before Flop (didn't bet)
Seat 8: SIRCopenhagen folded before Flop (didn't bet)
Seat 9: Chainicheck folded before Flop (didn't bet)



PokerStars Hand #228673759998:  Hold'em No Limit ($0.25/$0.50 USD) - 2021/07/30 1:52:21 ET
Table 'Ragazza' 9-max Seat #4 is the button
Seat 1: gambleruin ($53.43 in chips) 
Seat 2: ssorinacho92 ($48.50 in chips) 
Seat 3: pl@netskii ($61.90 in chips) 
Seat 4: genthix ($29.94 in chips) 
Seat 5: dstrola ($50 in chips) 
Seat 6: dexeosRankX ($63.10 in chips) 
Seat 7: ilaviiitech ($52.61 in chips) 
Seat 9: Chainicheck ($50 in chips) 
dstrola: posts small blind $0.25
dexeosRankX: posts big blind $0.50
*** HOLE CARDS ***
ilaviiitech: folds 
Chainicheck: folds 
gambleruin: folds 
ssorinacho92: folds 
pl@netskii: folds 
genthix: folds 
dstrola: raises $1.25 to $1.75
dexeosRankX: raises $3.25 to $5
dstrola: folds 
Uncalled bet ($3.25) returned to dexeosRankX
dexeosRankX collected $3.50 from pot
dexeosRankX: doesn't show hand 
*** SUMMARY ***
Total pot $3.50 | Rake $0 
Seat 1: gambleruin folded before Flop (didn't bet)
Seat 2: ssorinacho92 folded before Flop (didn't bet)
Seat 3: pl@netskii folded before Flop (didn't bet)
Seat 4: genthix (button) folded before Flop (didn't bet)
Seat 5: dstrola (small blind) folded before Flop
Seat 6: dexeosRankX (big blind) collected ($3.50)
Seat 7: ilaviiitech folded before Flop (didn't bet)
Seat 9: Chainicheck folded before Flop (didn't bet)



PokerStars Hand #228673765571:  Hold'em No Limit ($0.25/$0.50 USD) - 2021/07/30 1:53:03 ET
Table 'Ragazza' 9-max Seat #5 is the button
Seat 1: gambleruin ($53.43 in chips) 
Seat 2: ssorinacho92 ($48.50 in chips) 
Seat 3: pl@netskii ($61.90 in chips) 
Seat 4: genthix ($29.94 in chips) 
Seat 5: dstrola ($50 in chips) 
Seat 6: dexeosRankX ($64.85 in chips) 
dexeosRankX: posts small blind $0.25
ilaviiitech: is sitting out 
Chainicheck: is sitting out 
gambleruin: posts big blind $0.50
*** HOLE CARDS ***
Chainicheck leaves the table
ilaviiitech leaves the table
ssorinacho92: folds 
pl@netskii: folds 
genthix: folds 
dstrola: folds 
dstrola leaves the table
dexeosRankX: folds 
Uncalled bet ($0.25) returned to gambleruin
gambleruin collected $0.50 from pot
gambleruin: doesn't show hand 
*** SUMMARY ***
Total pot $0.50 | Rake $0 
Seat 1: gambleruin (big blind) collected ($0.50)
Seat 2: ssorinacho92 folded before Flop (didn't bet)
Seat 3: pl@netskii folded before Flop (didn't bet)
Seat 4: genthix folded before Flop (didn't bet)
Seat 5: dstrola (button) folded before Flop (didn't bet)
Seat 6: dexeosRankX (small blind) folded before Flop



PokerStars Hand #228673766927:  Hold'em No Limit ($0.25/$0.50 USD) - 2021/07/30 1:53:13 ET
Table 'Ragazza' 9-max Seat #6 is the button
Seat 1: gambleruin ($53.68 in chips) 
Seat 2: ssorinacho92 ($48.50 in chips) 
Seat 3: pl@netskii ($61.90 in chips) 
Seat 4: genthix ($29.94 in chips) 
Seat 6: dexeosRankX ($64.60 in chips) 
gambleruin: posts small blind $0.25
ssorinacho92: posts big blind $0.50
*** HOLE CARDS ***
pl@netskii: folds 
genthix: folds 
dexeosRankX: folds 
gambleruin: raises $1 to $1.50
ssorinacho92: calls $1
*** FLOP *** [8d Jh 4s]
gambleruin: checks 
ssorinacho92: checks 
*** TURN *** [8d Jh 4s] [Kc]
gambleruin: bets $0.94
ssorinacho92: raises $1.89 to $2.83
gambleruin: folds 
Uncalled bet ($1.89) returned to ssorinacho92
ssorinacho92 collected $4.64 from pot
ssorinacho92: doesn't show hand 
*** SUMMARY ***
Total pot $4.88 | Rake $0.24 
Board [8d Jh 4s Kc]
Seat 1: gambleruin (small blind) folded on the Turn
Seat 2: ssorinacho92 (big blind) collected ($4.64)
Seat 3: pl@netskii folded before Flop (didn't bet)
Seat 4: genthix folded before Flop (didn't bet)
Seat 6: dexeosRankX (button) folded before Flop (didn't bet)



PokerStars Hand #228673771783:  Hold'em No Limit ($0.25/$0.50 USD) - 2021/07/30 1:53:49 ET
Table 'Ragazza' 9-max Seat #1 is the button
Seat 1: gambleruin ($51.24 in chips) 
Seat 2: ssorinacho92 ($50.70 in chips) 
Seat 3: pl@netskii ($61.90 in chips) 
Seat 4: genthix ($29.94 in chips) 
Seat 6: dexeosRankX ($64.60 in chips) 
ssorinacho92: posts small blind $0.25
pl@netskii: posts big blind $0.50
*** HOLE CARDS ***
genthix: raises $1 to $1.50
dexeosRankX: folds 
gambleruin: folds 
ssorinacho92: calls $1.25
gambleruin leaves the table
pl@netskii: folds 
*** FLOP *** [Ks 9s 6c]
ssorinacho92: checks 
genthix: bets $1.66
gambleruin joins the table at seat #5 
ssorinacho92: calls $1.66
*** TURN *** [Ks 9s 6c] [As]
ssorinacho92: checks 
genthix: checks 
*** RIVER *** [Ks 9s 6c As] [5s]
ssorinacho92: bets $3.89
genthix: calls $3.89
*** SHOW DOWN ***
ssorinacho92: shows [Qs Kc] (a flush, Ace high)
genthix: mucks hand 
ssorinacho92 collected $13.87 from pot
*** SUMMARY ***
Total pot $14.60 | Rake $0.73 
Board [Ks 9s 6c As 5s]
Seat 1: gambleruin (button) folded before Flop (didn't bet)
Seat 2: ssorinacho92 (small blind) showed [Qs Kc] and won ($13.87) with a flush, Ace high
Seat 3: pl@netskii (big blind) folded before Flop
Seat 4: genthix mucked
Seat 6: dexeosRankX folded before Flop (didn't bet)



PokerStars Hand #228673776042:  Hold'em No Limit ($0.25/$0.50 USD) - 2021/07/30 1:54:21 ET
Table 'Ragazza' 9-max Seat #2 is the button
Seat 2: ssorinacho92 ($57.52 in chips) 
Seat 3: pl@netskii ($61.40 in chips) 
Seat 4: genthix ($22.89 in chips) 
Seat 6: dexeosRankX ($64.60 in chips) 
pl@netskii: posts small blind $0.25
genthix: posts big blind $0.50
gambleruin: sits out 
*** HOLE CARDS ***
dexeosRankX: folds 
ssorinacho92: folds 
pl@netskii: folds 
Uncalled bet ($0.25) returned to genthix
genthix collected $0.50 from pot
genthix: doesn't show hand 
*** SUMMARY ***
Total pot $0.50 | Rake $0 
Seat 2: ssorinacho92 (button) folded before Flop (didn't bet)
Seat 3: pl@netskii (small blind) folded before Flop
Seat 4: genthix (big blind) collected ($0.50)
Seat 6: dexeosRankX folded before Flop (didn't bet)



PokerStars Hand #228673777851:  Hold'em No Limit ($0.25/$0.50 USD) - 2021/07/30 1:54:34 ET
Table 'Ragazza' 9-max Seat #3 is the button
Seat 2: ssorinacho92 ($57.52 in chips) 
Seat 3: pl@netskii ($61.15 in chips) 
Seat 4: genthix ($23.14 in chips) 
Seat 5: gambleruin ($51.24 in chips) 
Seat 6: dexeosRankX ($64.60 in chips) 
genthix: posts small blind $0.25
gambleruin: posts big blind $0.50
*** HOLE CARDS ***
dexeosRankX: folds 
ssorinacho92: folds 
pl@netskii: folds 
genthix: raises $1 to $1.50
gambleruin: calls $1
*** FLOP *** [7h Kc 7c]
genthix: checks 
gambleruin: checks 
*** TURN *** [7h Kc 7c] [6h]
genthix: bets $1.50
gambleruin: folds 
Uncalled bet ($1.50) returned to genthix
genthix collected $2.85 from pot
genthix: doesn't show hand 
*** SUMMARY ***
Total pot $3 | Rake $0.15 
Board [7h Kc 7c 6h]
Seat 2: ssorinacho92 folded before Flop (didn't bet)
Seat 3: pl@netskii (button) folded before Flop (didn't bet)
Seat 4: genthix (small blind) collected ($2.85)
Seat 5: gambleruin (big blind) folded on the Turn
Seat 6: dexeosRankX folded before Flop (didn't bet)



PokerStars Hand #228673784928:  Hold'em No Limit ($0.25/$0.50 USD) - 2021/07/30 1:55:29 ET
Table 'Ragazza' 9-max Seat #4 is the button
Seat 2: ssorinacho92 ($57.52 in chips) 
Seat 3: pl@netskii ($61.15 in chips) 
Seat 4: genthix ($24.49 in chips) 
Seat 5: gambleruin ($50 in chips) 
Seat 6: dexeosRankX ($64.60 in chips) 
gambleruin: posts small blind $0.25
dexeosRankX: posts big blind $0.50
*** HOLE CARDS ***
ssorinacho92: folds 
pl@netskii: folds 
genthix: raises $0.50 to $1
gambleruin: folds 
Jan-biik joins the table at seat #1 
dexeosRankX: calls $0.50
*** FLOP *** [2c 7s Ac]
dexeosRankX: checks 
genthix: bets $1.07
dexeosRankX: folds 
Uncalled bet ($1.07) returned to genthix
genthix collected $2.14 from pot
genthix: doesn't show hand 
*** SUMMARY ***
Total pot $2.25 | Rake $0.11 
Board [2c 7s Ac]
Seat 2: ssorinacho92 folded before Flop (didn't bet)
Seat 3: pl@netskii folded before Flop (didn't bet)
Seat 4: genthix (button) collected ($2.14)
Seat 5: gambleruin (small blind) folded before Flop
Seat 6: dexeosRankX (big blind) folded on the Flop



PokerStars Hand #228673787774:  Hold'em No Limit ($0.25/$0.50 USD) - 2021/07/30 1:55:53 ET
Table 'Ragazza' 9-max Seat #5 is the button
Seat 1: Jan-biik ($50 in chips) 
Seat 2: ssorinacho92 ($57.52 in chips) 
Seat 3: pl@netskii ($61.15 in chips) 
Seat 4: genthix ($25.63 in chips) 
Seat 5: gambleruin ($50 in chips) 
Seat 6: dexeosRankX ($63.60 in chips) 
dexeosRankX: posts small blind $0.25
247Solid joins the table at seat #7 
Jan-biik: posts big blind $0.50
*** HOLE CARDS ***
ssorinacho92: folds 
pl@netskii: raises $0.75 to $1.25
genthix: calls $1.25
gambleruin: folds 
dexeosRankX: folds 
Jan-biik: calls $0.75
*** FLOP *** [Ah 4c 2h]
Jan-biik: checks 
pl@netskii: checks 
genthix: checks 
*** TURN *** [Ah 4c 2h] [3c]
Jan-biik: checks 
pl@netskii: checks 
genthix: bets $2
Jan-biik: calls $2
pl@netskii: folds 
*** RIVER *** [Ah 4c 2h 3c] [7c]
Jan-biik: checks 
genthix: checks 
*** SHOW DOWN ***
Jan-biik: shows [Kh Ks] (a pair of Kings)
genthix: mucks hand 
Jan-biik collected $7.60 from pot
*** SUMMARY ***
Total pot $8 | Rake $0.40 
Board [Ah 4c 2h 3c 7c]
Seat 1: Jan-biik (big blind) showed [Kh Ks] and won ($7.60) with a pair of Kings
Seat 2: ssorinacho92 folded before Flop (didn't bet)
Seat 3: pl@netskii folded on the Turn
Seat 4: genthix mucked
Seat 5: gambleruin (button) folded before Flop (didn't bet)
Seat 6: dexeosRankX (small blind) folded before Flop



PokerStars Hand #228673795148:  Hold'em No Limit ($0.25/$0.50 USD) - 2021/07/30 1:56:55 ET
Table 'Ragazza' 9-max Seat #6 is the button
Seat 1: Jan-biik ($54.35 in chips) 
Seat 2: ssorinacho92 ($57.52 in chips) 
Seat 3: pl@netskii ($59.90 in chips) 
Seat 4: genthix ($22.38 in chips) 
Seat 5: gambleruin ($50 in chips) 
Seat 6: dexeosRankX ($63.35 in chips) 
Jan-biik: posts small blind $0.25
ssorinacho92: posts big blind $0.50
*** HOLE CARDS ***
pl@netskii: folds 
genthix: raises $1 to $1.50
gambleruin: folds 
dexeosRankX: raises $2.40 to $3.90
Jan-biik: folds 
ssorinacho92: folds 
genthix: calls $2.40
*** FLOP *** [Jd Jh 5h]
genthix: checks 
dexeosRankX: bets $4.06
Jan-biik leaves the table
genthix: calls $4.06
*** TURN *** [Jd Jh 5h] [Ah]
genthix: checks 
dexeosRankX: checks 
*** RIVER *** [Jd Jh 5h Ah] [8s]
genthix: bets $8.50
dexeosRankX: calls $8.50
*** SHOW DOWN ***
genthix: shows [Js Td] (three of a kind, Jacks)
dexeosRankX: mucks hand 
genthix collected $31.99 from pot
*** SUMMARY ***
Total pot $33.67 | Rake $1.68 
Board [Jd Jh 5h Ah 8s]
Seat 1: Jan-biik (small blind) folded before Flop
Seat 2: ssorinacho92 (big blind) folded before Flop
Seat 3: pl@netskii folded before Flop (didn't bet)
Seat 4: genthix showed [Js Td] and won ($31.99) with three of a kind, Jacks
Seat 5: gambleruin folded before Flop (didn't bet)
Seat 6: dexeosRankX (button) mucked



PokerStars Hand #228673804552:  Hold'em No Limit ($0.25/$0.50 USD) - 2021/07/30 1:57:45 ET
Table 'Ragazza' 9-max Seat #2 is the button
Seat 2: ssorinacho92 ($57.02 in chips) 
Seat 3: pl@netskii ($59.90 in chips) 
Seat 4: genthix ($37.91 in chips) 
Seat 5: gambleruin ($50 in chips) 
Seat 6: dexeosRankX ($50 in chips) 
pl@netskii: posts small blind $0.25
genthix: posts big blind $0.50
247Solid: sits out 
*** HOLE CARDS ***
SOLDI MOLDI joins the table at seat #8 
gambleruin: folds 
dexeosRankX: folds 
ssorinacho92: folds 
pl@netskii: raises $1 to $1.50
genthix: calls $1
*** FLOP *** [Jc 2s 3c]
pl@netskii: checks 
genthix: bets $1.50
pl@netskii: folds 
Uncalled bet ($1.50) returned to genthix
genthix collected $2.85 from pot
genthix: doesn't show hand 
*** SUMMARY ***
Total pot $3 | Rake $0.15 
Board [Jc 2s 3c]
Seat 2: ssorinacho92 (button) folded before Flop (didn't bet)
Seat 3: pl@netskii (small blind) folded on the Flop
Seat 4: genthix (big blind) collected ($2.85)
Seat 5: gambleruin folded before Flop (didn't bet)
Seat 6: dexeosRankX folded before Flop (didn't bet)



PokerStars Hand #228673810210:  Hold'em No Limit ($0.25/$0.50 USD) - 2021/07/30 1:58:32 ET
Table 'Ragazza' 9-max Seat #3 is the button
Seat 2: ssorinacho92 ($57.02 in chips) 
Seat 3: pl@netskii ($58.40 in chips) 
Seat 4: genthix ($39.26 in chips) 
Seat 5: gambleruin ($50 in chips) 
Seat 6: dexeosRankX ($50 in chips) 
genthix: posts small blind $0.25
gambleruin: posts big blind $0.50
247Solid: sits out 
SOLDI MOLDI: sits out 
*** HOLE CARDS ***
dexeosRankX: raises $0.65 to $1.15
ssorinacho92: folds 
pl@netskii: folds 
genthix: calls $0.90
gambleruin: folds 
*** FLOP *** [7c 6c 2c]
genthix: bets $1
dexeosRankX: calls $1
*** TURN *** [7c 6c 2c] [Ks]
genthix: bets $2.28
dexeosRankX: calls $2.28
*** RIVER *** [7c 6c 2c Ks] [2h]
genthix: checks 
dexeosRankX: bets $8.89
genthix: folds 
Uncalled bet ($8.89) returned to dexeosRankX
dexeosRankX collected $8.89 from pot
dexeosRankX: doesn't show hand 
*** SUMMARY ***
Total pot $9.36 | Rake $0.47 
Board [7c 6c 2c Ks 2h]
Seat 2: ssorinacho92 folded before Flop (didn't bet)
Seat 3: pl@netskii (button) folded before Flop (didn't bet)
Seat 4: genthix (small blind) folded on the River
Seat 5: gambleruin (big blind) folded before Flop
Seat 6: dexeosRankX collected ($8.89)



PokerStars Hand #228673817361:  Hold'em No Limit ($0.25/$0.50 USD) - 2021/07/30 1:59:33 ET
Table 'Ragazza' 9-max Seat #4 is the button
Seat 2: ssorinacho92 ($57.02 in chips) 
Seat 3: pl@netskii ($58.40 in chips) 
Seat 4: genthix ($34.83 in chips) 
Seat 5: gambleruin ($50 in chips) 
Seat 6: dexeosRankX ($54.46 in chips) 
gambleruin: posts small blind $0.25
dexeosRankX: posts big blind $0.50
247Solid: sits out 
SOLDI MOLDI: sits out 
*** HOLE CARDS ***
ssorinacho92: folds 
pl@netskii: folds 
genthix: folds 
gambleruin: raises $1 to $1.50
dexeosRankX: folds 
Uncalled bet ($1) returned to gambleruin
gambleruin collected $1 from pot
gambleruin: doesn't show hand 
*** SUMMARY ***
Total pot $1 | Rake $0 
Seat 2: ssorinacho92 folded before Flop (didn't bet)
Seat 3: pl@netskii folded before Flop (didn't bet)
Seat 4: genthix (button) folded before Flop (didn't bet)
Seat 5: gambleruin (small blind) collected ($1)
Seat 6: dexeosRankX (big blind) folded before Flop



PokerStars Hand #228673819470:  Hold'em No Limit ($0.25/$0.50 USD) - 2021/07/30 1:59:51 ET
Table 'Ragazza' 9-max Seat #5 is the button
Seat 2: ssorinacho92 ($57.02 in chips) 
Seat 3: pl@netskii ($58.40 in chips) 
Seat 4: genthix ($34.83 in chips) 
Seat 5: gambleruin ($50.50 in chips) 
Seat 6: dexeosRankX ($53.96 in chips) 
Seat 7: 247Solid ($50 in chips) 
dexeosRankX: posts small blind $0.25
247Solid: posts big blind $0.50
SOLDI MOLDI: sits out 
*** HOLE CARDS ***
ssorinacho92: folds 
pl@netskii: raises $0.75 to $1.25
genthix: folds 
gambleruin: folds 
dexeosRankX: folds 
247Solid: calls $0.75
*** FLOP *** [4h 4s 4c]
247Solid: checks 
pl@netskii: checks 
*** TURN *** [4h 4s 4c] [3d]
247Solid: checks 
pl@netskii: bets $1.31
247Solid: folds 
Uncalled bet ($1.31) returned to pl@netskii
pl@netskii collected $2.61 from pot
*** SUMMARY ***
Total pot $2.75 | Rake $0.14 
Board [4h 4s 4c 3d]
Seat 2: ssorinacho92 folded before Flop (didn't bet)
Seat 3: pl@netskii collected ($2.61)
Seat 4: genthix folded before Flop (didn't bet)
Seat 5: gambleruin (button) folded before Flop (didn't bet)
Seat 6: dexeosRankX (small blind) folded before Flop
Seat 7: 247Solid (big blind) folded on the Turn



PokerStars Hand #228673827530:  Hold'em No Limit ($0.25/$0.50 USD) - 2021/07/30 2:00:56 ET
Table 'Ragazza' 9-max Seat #6 is the button
Seat 2: ssorinacho92 ($57.02 in chips) 
Seat 3: pl@netskii ($59.76 in chips) 
Seat 4: genthix ($34.83 in chips) 
Seat 5: gambleruin ($50.50 in chips) 
Seat 6: dexeosRankX ($53.71 in chips) 
Seat 7: 247Solid ($50 in chips) 
Seat 8: SOLDI MOLDI ($50 in chips) 
247Solid: posts small blind $0.25
SOLDI MOLDI: posts big blind $0.50
*** HOLE CARDS ***
ssorinacho92: folds 
pl@netskii: folds 
genthix: folds 
gambleruin: folds 
dexeosRankX: raises $0.65 to $1.15
247Solid: folds 
genthix leaves the table
SOLDI MOLDI: raises $3.85 to $5
dexeosRankX: folds 
Uncalled bet ($3.85) returned to SOLDI MOLDI
SOLDI MOLDI collected $2.55 from pot
SOLDI MOLDI: doesn't show hand 
*** SUMMARY ***
Total pot $2.55 | Rake $0 
Seat 2: ssorinacho92 folded before Flop (didn't bet)
Seat 3: pl@netskii folded before Flop (didn't bet)
Seat 4: genthix folded before Flop (didn't bet)
Seat 5: gambleruin folded before Flop (didn't bet)
Seat 6: dexeosRankX (button) folded before Flop
Seat 7: 247Solid (small blind) folded before Flop
Seat 8: SOLDI MOLDI (big blind) collected ($2.55)



PokerStars Hand #228673833229:  Hold'em No Limit ($0.25/$0.50 USD) - 2021/07/30 2:01:38 ET
Table 'Ragazza' 9-max Seat #7 is the button
Seat 2: ssorinacho92 ($57.02 in chips) 
Seat 3: pl@netskii ($59.76 in chips) 
Seat 5: gambleruin ($50.50 in chips) 
Seat 6: dexeosRankX ($52.56 in chips) 
Seat 7: 247Solid ($50 in chips) 
Seat 8: SOLDI MOLDI ($51.40 in chips) 
SOLDI MOLDI: posts small blind $0.25
ssorinacho92: posts big blind $0.50
*** HOLE CARDS ***
pl@netskii: folds 
gambleruin: folds 
dexeosRankX: folds 
247Solid: folds 
SOLDI MOLDI: folds 
Uncalled bet ($0.25) returned to ssorinacho92
ssorinacho92 collected $0.50 from pot
ssorinacho92: doesn't show hand 
*** SUMMARY ***
Total pot $0.50 | Rake $0 
Seat 2: ssorinacho92 (big blind) collected ($0.50)
Seat 3: pl@netskii folded before Flop (didn't bet)
Seat 5: gambleruin folded before Flop (didn't bet)
Seat 6: dexeosRankX folded before Flop (didn't bet)
Seat 7: 247Solid (button) folded before Flop (didn't bet)
Seat 8: SOLDI MOLDI (small blind) folded before Flop



PokerStars Hand #228673835487:  Hold'em No Limit ($0.25/$0.50 USD) - 2021/07/30 2:01:56 ET
Table 'Ragazza' 9-max Seat #8 is the button
Seat 2: ssorinacho92 ($57.27 in chips) 
Seat 5: gambleruin ($50.50 in chips) 
Seat 6: dexeosRankX ($52.56 in chips) 
Seat 7: 247Solid ($50 in chips) 
Seat 8: SOLDI MOLDI ($51.15 in chips) 
ssorinacho92: posts small blind $0.25
pl@netskii: is sitting out 
gambleruin: posts big blind $0.50
*** HOLE CARDS ***
dexeosRankX: folds 
247Solid: folds 
SOLDI MOLDI: raises $0.70 to $1.20
pl@netskii leaves the table
ssorinacho92: raises $3.30 to $4.50
gambleruin: folds 
SOLDI MOLDI: folds 
Uncalled bet ($3.30) returned to ssorinacho92
ssorinacho92 collected $2.90 from pot
ssorinacho92: doesn't show hand 
*** SUMMARY ***
Total pot $2.90 | Rake $0 
Seat 2: ssorinacho92 (small blind) collected ($2.90)
Seat 5: gambleruin (big blind) folded before Flop
Seat 6: dexeosRankX folded before Flop (didn't bet)
Seat 7: 247Solid folded before Flop (didn't bet)
Seat 8: SOLDI MOLDI (button) folded before Flop



PokerStars Hand #228673838235:  Hold'em No Limit ($0.25/$0.50 USD) - 2021/07/30 2:02:16 ET
Table 'Ragazza' 9-max Seat #2 is the button
Seat 2: ssorinacho92 ($58.97 in chips) 
Seat 5: gambleruin ($50 in chips) 
Seat 6: dexeosRankX ($52.56 in chips) 
Seat 7: 247Solid ($50 in chips) 
Seat 8: SOLDI MOLDI ($50 in chips) 
gambleruin: posts small blind $0.25
dexeosRankX: posts big blind $0.50
*** HOLE CARDS ***
247Solid: folds 
SOLDI MOLDI: folds 
ssorinacho92: folds 
gambleruin: raises $1 to $1.50
dexeosRankX: raises $3 to $4.50
gambleruin: calls $3
*** FLOP *** [5d 5s 4c]
gambleruin: checks 
dexeosRankX: bets $8.55
gambleruin: folds 
Uncalled bet ($8.55) returned to dexeosRankX
dexeosRankX collected $8.55 from pot
dexeosRankX: doesn't show hand 
*** SUMMARY ***
Total pot $9 | Rake $0.45 
Board [5d 5s 4c]
Seat 2: ssorinacho92 (button) folded before Flop (didn't bet)
Seat 5: gambleruin (small blind) folded on the Flop
Seat 6: dexeosRankX (big blind) collected ($8.55)
Seat 7: 247Solid folded before Flop (didn't bet)
Seat 8: SOLDI MOLDI folded before Flop (didn't bet)



PokerStars Hand #228673846172:  Hold'em No Limit ($0.25/$0.50 USD) - 2021/07/30 2:03:15 ET
Table 'Ragazza' 9-max Seat #5 is the button
Seat 2: ssorinacho92 ($58.97 in chips) 
Seat 5: gambleruin ($50 in chips) 
Seat 6: dexeosRankX ($56.61 in chips) 
Seat 7: 247Solid ($50 in chips) 
Seat 8: SOLDI MOLDI ($50 in chips) 
dexeosRankX: posts small blind $0.25
247Solid: posts big blind $0.50
*** HOLE CARDS ***
SOLDI MOLDI: raises $0.75 to $1.25
ssorinacho92: folds 
gambleruin: folds 
dexeosRankX: folds 
247Solid: calls $0.75
*** FLOP *** [7s 8c 2s]
247Solid: checks 
SOLDI MOLDI: bets $0.86
247Solid: folds 
Uncalled bet ($0.86) returned to SOLDI MOLDI
SOLDI MOLDI collected $2.61 from pot
SOLDI MOLDI: doesn't show hand 
*** SUMMARY ***
Total pot $2.75 | Rake $0.14 
Board [7s 8c 2s]
Seat 2: ssorinacho92 folded before Flop (didn't bet)
Seat 5: gambleruin (button) folded before Flop (didn't bet)
Seat 6: dexeosRankX (small blind) folded before Flop
Seat 7: 247Solid (big blind) folded on the Flop
Seat 8: SOLDI MOLDI collected ($2.61)



PokerStars Hand #228673850096:  Hold'em No Limit ($0.25/$0.50 USD) - 2021/07/30 2:03:44 ET
Table 'Ragazza' 9-max Seat #6 is the button
Seat 2: ssorinacho92 ($58.97 in chips) 
Seat 5: gambleruin ($50 in chips) 
Seat 6: dexeosRankX ($56.36 in chips) 
Seat 7: 247Solid ($50 in chips) 
247Solid: posts small blind $0.25
SOLDI MOLDI: is sitting out 
ssorinacho92: posts big blind $0.50
*** HOLE CARDS ***
gambleruin: folds 
dexeosRankX: folds 
247Solid: raises $1 to $1.50
ssorinacho92: folds 
Uncalled bet ($1) returned to 247Solid
247Solid collected $1 from pot
247Solid: doesn't show hand 
*** SUMMARY ***
Total pot $1 | Rake $0 
Seat 2: ssorinacho92 (big blind) folded before Flop
Seat 5: gambleruin folded before Flop (didn't bet)
Seat 6: dexeosRankX (button) folded before Flop (didn't bet)
Seat 7: 247Solid (small blind) collected ($1)



PokerStars Hand #228673861775:  Hold'em No Limit ($0.25/$0.50 USD) - 2021/07/30 2:03:58 ET
Table 'Ragazza' 9-max Seat #7 is the button
Seat 2: ssorinacho92 ($58.47 in chips) 
Seat 5: gambleruin ($50 in chips) 
Seat 6: dexeosRankX ($56.36 in chips) 
Seat 7: 247Solid ($50.50 in chips) 
ssorinacho92: posts small blind $0.25
gambleruin: posts big blind $0.50
*** HOLE CARDS ***
dexeosRankX: folds 
247Solid has timed out
247Solid: folds 
ssorinacho92: raises $0.75 to $1.25
gambleruin: calls $0.75
*** FLOP *** [4s Th 7c]
ssorinacho92: checks 
gambleruin: bets $1.57
ssorinacho92: folds 
Uncalled bet ($1.57) returned to gambleruin
gambleruin collected $2.38 from pot
gambleruin: doesn't show hand 
*** SUMMARY ***
Total pot $2.50 | Rake $0.12 
Board [4s Th 7c]
Seat 2: ssorinacho92 (small blind) folded on the Flop
Seat 5: gambleruin (big blind) collected ($2.38)
Seat 6: dexeosRankX folded before Flop (didn't bet)
Seat 7: 247Solid (button) folded before Flop (didn't bet)



PokerStars Hand #228673866383:  Hold'em No Limit ($0.25/$0.50 USD) - 2021/07/30 2:04:32 ET
Table 'Ragazza' 9-max Seat #2 is the button
Seat 2: ssorinacho92 ($57.22 in chips) 
Seat 5: gambleruin ($51.13 in chips) 
Seat 6: dexeosRankX ($56.36 in chips) 
Seat 7: 247Solid ($50.50 in chips) 
gambleruin: posts small blind $0.25
dexeosRankX: posts big blind $0.50
*** HOLE CARDS ***
247Solid: folds 
ssorinacho92: folds 
gambleruin: raises $1 to $1.50
dexeosRankX: folds 
Uncalled bet ($1) returned to gambleruin
gambleruin collected $1 from pot
gambleruin: doesn't show hand 
*** SUMMARY ***
Total pot $1 | Rake $0 
Seat 2: ssorinacho92 (button) folded before Flop (didn't bet)
Seat 5: gambleruin (small blind) collected ($1)
Seat 6: dexeosRankX (big blind) folded before Flop
Seat 7: 247Solid folded before Flop (didn't bet)



PokerStars Hand #228673867812:  Hold'em No Limit ($0.25/$0.50 USD) - 2021/07/30 2:04:43 ET
Table 'Ragazza' 9-max Seat #5 is the button
Seat 2: ssorinacho92 ($57.22 in chips) 
Seat 5: gambleruin ($51.63 in chips) 
Seat 6: dexeosRankX ($55.86 in chips) 
Seat 7: 247Solid ($50.50 in chips) 
dexeosRankX: posts small blind $0.25
247Solid: posts big blind $0.50
*** HOLE CARDS ***
ssorinacho92: folds 
gambleruin: folds 
dexeosRankX: raises $1 to $1.50
247Solid: folds 
Uncalled bet ($1) returned to dexeosRankX
dexeosRankX collected $1 from pot
dexeosRankX: doesn't show hand 
*** SUMMARY ***
Total pot $1 | Rake $0 
Seat 2: ssorinacho92 folded before Flop (didn't bet)
Seat 5: gambleruin (button) folded before Flop (didn't bet)
Seat 6: dexeosRankX (small blind) collected ($1)
Seat 7: 247Solid (big blind) folded before Flop



PokerStars Hand #228673869351:  Hold'em No Limit ($0.25/$0.50 USD) - 2021/07/30 2:04:54 ET
Table 'Ragazza' 9-max Seat #6 is the button
Seat 2: ssorinacho92 ($57.22 in chips) 
Seat 5: gambleruin ($51.63 in chips) 
Seat 6: dexeosRankX ($56.36 in chips) 
Seat 7: 247Solid ($50 in chips) 
247Solid: posts small blind $0.25
ssorinacho92: posts big blind $0.50
*** HOLE CARDS ***
gambleruin: folds 
dexeosRankX: folds 
247Solid: folds 
Uncalled bet ($0.25) returned to ssorinacho92
ssorinacho92 collected $0.50 from pot
ssorinacho92: doesn't show hand 
*** SUMMARY ***
Total pot $0.50 | Rake $0 
Seat 2: ssorinacho92 (big blind) collected ($0.50)
Seat 5: gambleruin folded before Flop (didn't bet)
Seat 6: dexeosRankX (button) folded before Flop (didn't bet)
Seat 7: 247Solid (small blind) folded before Flop



PokerStars Hand #228673870400:  Hold'em No Limit ($0.25/$0.50 USD) - 2021/07/30 2:05:02 ET
Table 'Ragazza' 9-max Seat #7 is the button
Seat 2: ssorinacho92 ($57.47 in chips) 
Seat 5: gambleruin ($51.63 in chips) 
Seat 6: dexeosRankX ($56.36 in chips) 
Seat 7: 247Solid ($50 in chips) 
ssorinacho92: posts small blind $0.25
gambleruin: posts big blind $0.50
*** HOLE CARDS ***
dexeosRankX: folds 
dexeosRankX leaves the table
247Solid: folds 
ssorinacho92: folds 
Uncalled bet ($0.25) returned to gambleruin
gambleruin collected $0.50 from pot
gambleruin: doesn't show hand 
*** SUMMARY ***
Total pot $0.50 | Rake $0 
Seat 2: ssorinacho92 (small blind) folded before Flop
Seat 5: gambleruin (big blind) collected ($0.50)
Seat 6: dexeosRankX folded before Flop (didn't bet)
Seat 7: 247Solid (button) folded before Flop (didn't bet)



PokerStars Hand #228673871241:  Hold'em No Limit ($0.25/$0.50 USD) - 2021/07/30 2:05:08 ET
Table 'Ragazza' 9-max Seat #5 is the button
Seat 2: ssorinacho92 ($57.22 in chips) 
Seat 5: gambleruin ($51.88 in chips) 
gambleruin: posts small blind $0.25
247Solid: is sitting out 
ssorinacho92: posts big blind $0.50
*** HOLE CARDS ***
gambleruin: raises $0.75 to $1.25
ssorinacho92: folds 
Uncalled bet ($0.75) returned to gambleruin
gambleruin collected $1 from pot
gambleruin: doesn't show hand 
*** SUMMARY ***
Total pot $1 | Rake $0 
Seat 2: ssorinacho92 (big blind) folded before Flop
Seat 5: gambleruin (button) (small blind) collected ($1)



PokerStars Hand #228673872010:  Hold'em No Limit ($0.25/$0.50 USD) - 2021/07/30 2:05:14 ET
Table 'Ragazza' 9-max Seat #2 is the button
Seat 2: ssorinacho92 ($56.72 in chips) 
Seat 5: gambleruin ($52.38 in chips) 
ssorinacho92: posts small blind $0.25
gambleruin: posts big blind $0.50
*** HOLE CARDS ***
ssorinacho92: folds 
Uncalled bet ($0.25) returned to gambleruin
gambleruin collected $0.50 from pot
gambleruin: doesn't show hand 
*** SUMMARY ***
Total pot $0.50 | Rake $0 
Seat 2: ssorinacho92 (button) (small blind) folded before Flop
Seat 5: gambleruin (big blind) collected ($0.50)



PokerStars Hand #228673872505:  Hold'em No Limit ($0.25/$0.50 USD) - 2021/07/30 2:05:17 ET
Table 'Ragazza' 9-max Seat #5 is the button
Seat 2: ssorinacho92 ($56.47 in chips) 
Seat 5: gambleruin ($52.63 in chips) 
gambleruin: posts small blind $0.25
ssorinacho92: posts big blind $0.50
*** HOLE CARDS ***
gambleruin: folds 
Uncalled bet ($0.25) returned to ssorinacho92
ssorinacho92 collected $0.50 from pot
ssorinacho92: doesn't show hand 
*** SUMMARY ***
Total pot $0.50 | Rake $0 
Seat 2: ssorinacho92 (big blind) collected ($0.50)
Seat 5: gambleruin (button) (small blind) folded before Flop



PokerStars Hand #228673873128:  Hold'em No Limit ($0.25/$0.50 USD) - 2021/07/30 2:05:22 ET
Table 'Ragazza' 9-max Seat #2 is the button
Seat 2: ssorinacho92 ($56.72 in chips) 
Seat 5: gambleruin ($52.38 in chips) 
ssorinacho92: posts small blind $0.25
gambleruin: posts big blind $0.50
*** HOLE CARDS ***
ssorinacho92: folds 
Uncalled bet ($0.25) returned to gambleruin
gambleruin collected $0.50 from pot
gambleruin: doesn't show hand 
*** SUMMARY ***
Total pot $0.50 | Rake $0 
Seat 2: ssorinacho92 (button) (small blind) folded before Flop
Seat 5: gambleruin (big blind) collected ($0.50)



PokerStars Hand #228673873612:  Hold'em No Limit ($0.25/$0.50 USD) - 2021/07/30 2:05:26 ET
Table 'Ragazza' 9-max Seat #5 is the button
Seat 2: ssorinacho92 ($56.47 in chips) 
Seat 5: gambleruin ($52.63 in chips) 
gambleruin: posts small blind $0.25
ssorinacho92: posts big blind $0.50
*** HOLE CARDS ***
gambleruin: raises $0.75 to $1.25
ssorinacho92: folds 
Uncalled bet ($0.75) returned to gambleruin
gambleruin collected $1 from pot
gambleruin: doesn't show hand 
247Solid leaves the table
*** SUMMARY ***
Total pot $1 | Rake $0 
Seat 2: ssorinacho92 (big blind) folded before Flop
Seat 5: gambleruin (button) (small blind) collected ($1)



