PokerStars Hand #228672742061:  Hold'em No Limit ($0.25/$0.50 USD) - 2021/07/30 0:00:54 ET
Table 'Chantal II' 9-max Seat #8 is the button
Seat 1: chenconhaste ($70.76 in chips) 
Seat 2: L'père ($49.07 in chips) 
Seat 4: Nightwoof ($58 in chips) 
Seat 5: undergr0undY ($50.75 in chips) 
Seat 6: rovara ($68.37 in chips) 
Seat 7: pudge.3096 ($51.25 in chips) 
Seat 8: fixxxed27 ($52.10 in chips) 
Seat 9: dallas580821 ($17.71 in chips) 
dallas580821: posts small blind $0.25
chenconhaste: posts big blind $0.50
lucky83o: sits out 
*** HOLE CARDS ***
L'père: raises $0.50 to $1
Nightwoof: folds 
undergr0undY: folds 
rovara: folds 
pudge.3096: folds 
fixxxed27: folds 
dallas580821: folds 
rovara leaves the table
chenconhaste: calls $0.50
*** FLOP *** [Qd Jc 3h]
chenconhaste: checks 
L'père: bets $1.07
SIRCopenhagen joins the table at seat #6 
chenconhaste: folds 
Uncalled bet ($1.07) returned to L'père
L'père collected $2.14 from pot
L'père: doesn't show hand 
*** SUMMARY ***
Total pot $2.25 | Rake $0.11 
Board [Qd Jc 3h]
Seat 1: chenconhaste (big blind) folded on the Flop
Seat 2: L'père collected ($2.14)
Seat 4: Nightwoof folded before Flop (didn't bet)
Seat 5: undergr0undY folded before Flop (didn't bet)
Seat 6: rovara folded before Flop (didn't bet)
Seat 7: pudge.3096 folded before Flop (didn't bet)
Seat 8: fixxxed27 (button) folded before Flop (didn't bet)
Seat 9: dallas580821 (small blind) folded before Flop



PokerStars Hand #228672748279:  Hold'em No Limit ($0.25/$0.50 USD) - 2021/07/30 0:01:33 ET
Table 'Chantal II' 9-max Seat #9 is the button
Seat 1: chenconhaste ($69.76 in chips) 
Seat 2: L'père ($50.21 in chips) 
Seat 4: Nightwoof ($58 in chips) 
Seat 5: undergr0undY ($50.75 in chips) 
Seat 6: SIRCopenhagen ($46.50 in chips) 
Seat 7: pudge.3096 ($51.25 in chips) 
Seat 8: fixxxed27 ($52.10 in chips) 
Seat 9: dallas580821 ($17.46 in chips) 
chenconhaste: posts small blind $0.25
L'père: posts big blind $0.50
lucky83o: sits out 
SIRCopenhagen: posts big blind $0.50
*** HOLE CARDS ***
Nightwoof: folds 
undergr0undY: folds 
SIRCopenhagen: raises $0.50 to $1
pudge.3096: folds 
fixxxed27: folds 
dallas580821: calls $1
chenconhaste: folds 
L'père: calls $0.50
*** FLOP *** [9c Td 8h]
L'père: checks 
SIRCopenhagen: bets $1.50
dallas580821: calls $1.50
L'père: calls $1.50
*** TURN *** [9c Td 8h] [6d]
L'père: checks 
SIRCopenhagen: checks 
dallas580821: bets $4.25
L'père: folds 
SIRCopenhagen: folds 
Uncalled bet ($4.25) returned to dallas580821
dallas580821 collected $7.36 from pot
dallas580821: doesn't show hand 
*** SUMMARY ***
Total pot $7.75 | Rake $0.39 
Board [9c Td 8h 6d]
Seat 1: chenconhaste (small blind) folded before Flop
Seat 2: L'père (big blind) folded on the Turn
Seat 4: Nightwoof folded before Flop (didn't bet)
Seat 5: undergr0undY folded before Flop (didn't bet)
Seat 6: SIRCopenhagen folded on the Turn
Seat 7: pudge.3096 folded before Flop (didn't bet)
Seat 8: fixxxed27 folded before Flop (didn't bet)
Seat 9: dallas580821 (button) collected ($7.36)



PokerStars Hand #228672760011:  Hold'em No Limit ($0.25/$0.50 USD) - 2021/07/30 0:02:48 ET
Table 'Chantal II' 9-max Seat #1 is the button
Seat 1: chenconhaste ($69.51 in chips) 
Seat 2: L'père ($47.71 in chips) 
Seat 3: lucky83o ($50 in chips) 
Seat 4: Nightwoof ($58 in chips) 
Seat 5: undergr0undY ($50.75 in chips) 
Seat 6: SIRCopenhagen ($44 in chips) 
Seat 7: pudge.3096 ($51.25 in chips) 
Seat 8: fixxxed27 ($52.10 in chips) 
Seat 9: dallas580821 ($22.32 in chips) 
L'père: posts small blind $0.25
lucky83o: posts big blind $0.50
*** HOLE CARDS ***
Nightwoof: folds 
undergr0undY: folds 
SIRCopenhagen has timed out
SIRCopenhagen: folds 
pudge.3096: folds 
fixxxed27: folds 
dallas580821: folds 
chenconhaste: raises $0.63 to $1.13
L'père: calls $0.88
lucky83o: folds 
*** FLOP *** [5d 5h 8c]
L'père: bets $0.50
chenconhaste: calls $0.50
*** TURN *** [5d 5h 8c] [Ah]
L'père: checks 
chenconhaste: checks 
*** RIVER *** [5d 5h 8c Ah] [6h]
L'père: bets $4.50
chenconhaste: folds 
Uncalled bet ($4.50) returned to L'père
L'père collected $3.57 from pot
L'père: doesn't show hand 
*** SUMMARY ***
Total pot $3.76 | Rake $0.19 
Board [5d 5h 8c Ah 6h]
Seat 1: chenconhaste (button) folded on the River
Seat 2: L'père (small blind) collected ($3.57)
Seat 3: lucky83o (big blind) folded before Flop
Seat 4: Nightwoof folded before Flop (didn't bet)
Seat 5: undergr0undY folded before Flop (didn't bet)
Seat 6: SIRCopenhagen folded before Flop (didn't bet)
Seat 7: pudge.3096 folded before Flop (didn't bet)
Seat 8: fixxxed27 folded before Flop (didn't bet)
Seat 9: dallas580821 folded before Flop (didn't bet)



PokerStars Hand #228672774586:  Hold'em No Limit ($0.25/$0.50 USD) - 2021/07/30 0:04:19 ET
Table 'Chantal II' 9-max Seat #2 is the button
Seat 1: chenconhaste ($67.88 in chips) 
Seat 2: L'père ($49.65 in chips) 
Seat 3: lucky83o ($50 in chips) 
Seat 4: Nightwoof ($58 in chips) 
Seat 5: undergr0undY ($50.75 in chips) 
Seat 6: SIRCopenhagen ($44 in chips) 
Seat 7: pudge.3096 ($51.25 in chips) 
Seat 8: fixxxed27 ($52.10 in chips) 
Seat 9: dallas580821 ($22.32 in chips) 
lucky83o: posts small blind $0.25
Nightwoof: posts big blind $0.50
*** HOLE CARDS ***
undergr0undY: folds 
SIRCopenhagen: folds 
pudge.3096: folds 
fixxxed27: folds 
dallas580821: folds 
chenconhaste: raises $0.63 to $1.13
L'père: calls $1.13
lucky83o: folds 
Nightwoof: folds 
*** FLOP *** [Jc 4h 4d]
chenconhaste: checks 
L'père: checks 
*** TURN *** [Jc 4h 4d] [Ad]
chenconhaste: checks 
L'père is disconnected 
L'père has timed out while disconnected
L'père: checks 
*** RIVER *** [Jc 4h 4d Ad] [Tc]
chenconhaste: checks 
L'père has timed out while disconnected
L'père: checks 
*** SHOW DOWN ***
chenconhaste: shows [7s 5s] (a pair of Fours)
L'père: shows [6c 7c] (a pair of Fours)
chenconhaste collected $1.43 from pot
L'père collected $1.43 from pot
*** SUMMARY ***
Total pot $3.01 | Rake $0.15 
Board [Jc 4h 4d Ad Tc]
Seat 1: chenconhaste showed [7s 5s] and won ($1.43) with a pair of Fours
Seat 2: L'père (button) showed [6c 7c] and won ($1.43) with a pair of Fours
Seat 3: lucky83o (small blind) folded before Flop
Seat 4: Nightwoof (big blind) folded before Flop
Seat 5: undergr0undY folded before Flop (didn't bet)
Seat 6: SIRCopenhagen folded before Flop (didn't bet)
Seat 7: pudge.3096 folded before Flop (didn't bet)
Seat 8: fixxxed27 folded before Flop (didn't bet)
Seat 9: dallas580821 folded before Flop (didn't bet)



PokerStars Hand #228672806235:  Hold'em No Limit ($0.25/$0.50 USD) - 2021/07/30 0:07:07 ET
Table 'Chantal II' 9-max Seat #3 is the button
Seat 1: chenconhaste ($68.18 in chips) 
Seat 2: L'père ($49.95 in chips) 
Seat 3: lucky83o ($50 in chips) 
Seat 4: Nightwoof ($57.50 in chips) 
Seat 6: SIRCopenhagen ($44 in chips) 
Seat 7: pudge.3096 ($51.25 in chips) 
Seat 8: fixxxed27 ($52.10 in chips) 
Seat 9: dallas580821 ($22.32 in chips) 
Nightwoof: posts small blind $0.25
undergr0undY: is sitting out 
SIRCopenhagen: posts big blind $0.50
*** HOLE CARDS ***
pudge.3096: folds 
fixxxed27: folds 
dallas580821: folds 
undergr0undY leaves the table
chenconhaste: folds 
L'père has timed out while disconnected
L'père: folds 
lucky83o: folds 
Nightwoof: raises $1 to $1.50
SIRCopenhagen: folds 
Uncalled bet ($1) returned to Nightwoof
Nightwoof collected $1 from pot
Nightwoof: doesn't show hand 
*** SUMMARY ***
Total pot $1 | Rake $0 
Seat 1: chenconhaste folded before Flop (didn't bet)
Seat 2: L'père folded before Flop (didn't bet)
Seat 3: lucky83o (button) folded before Flop (didn't bet)
Seat 4: Nightwoof (small blind) collected ($1)
Seat 6: SIRCopenhagen (big blind) folded before Flop
Seat 7: pudge.3096 folded before Flop (didn't bet)
Seat 8: fixxxed27 folded before Flop (didn't bet)
Seat 9: dallas580821 folded before Flop (didn't bet)



PokerStars Hand #228672811932:  Hold'em No Limit ($0.25/$0.50 USD) - 2021/07/30 0:07:42 ET
Table 'Chantal II' 9-max Seat #4 is the button
Seat 1: chenconhaste ($68.18 in chips) 
Seat 3: lucky83o ($50 in chips) 
Seat 4: Nightwoof ($58 in chips) 
Seat 6: SIRCopenhagen ($43.50 in chips) 
Seat 7: pudge.3096 ($51.25 in chips) 
Seat 8: fixxxed27 ($52.10 in chips) 
Seat 9: dallas580821 ($22.32 in chips) 
SIRCopenhagen: posts small blind $0.25
pudge.3096: posts big blind $0.50
*** HOLE CARDS ***
fixxxed27: folds 
dallas580821: calls $0.50
chenconhaste: folds 
lucky83o: folds 
Nightwoof: raises $1.25 to $1.75
SIRCopenhagen: folds 
pudge.3096: folds 
dallas580821: calls $1.25
*** FLOP *** [Th 9s Kd]
dallas580821: checks 
Nightwoof: checks 
*** TURN *** [Th 9s Kd] [Jd]
dallas580821: checks 
Nightwoof: bets $3.03
dallas580821: folds 
Uncalled bet ($3.03) returned to Nightwoof
Nightwoof collected $4.04 from pot
Nightwoof: doesn't show hand 
*** SUMMARY ***
Total pot $4.25 | Rake $0.21 
Board [Th 9s Kd Jd]
Seat 1: chenconhaste folded before Flop (didn't bet)
Seat 3: lucky83o folded before Flop (didn't bet)
Seat 4: Nightwoof (button) collected ($4.04)
Seat 6: SIRCopenhagen (small blind) folded before Flop
Seat 7: pudge.3096 (big blind) folded before Flop
Seat 8: fixxxed27 folded before Flop (didn't bet)
Seat 9: dallas580821 folded on the Turn



PokerStars Hand #228672823209:  Hold'em No Limit ($0.25/$0.50 USD) - 2021/07/30 0:08:53 ET
Table 'Chantal II' 9-max Seat #6 is the button
Seat 1: chenconhaste ($68.18 in chips) 
Seat 3: lucky83o ($50 in chips) 
Seat 4: Nightwoof ($60.29 in chips) 
Seat 6: SIRCopenhagen ($43.25 in chips) 
Seat 7: pudge.3096 ($50.75 in chips) 
Seat 8: fixxxed27 ($52.10 in chips) 
Seat 9: dallas580821 ($20.57 in chips) 
pudge.3096: posts small blind $0.25
fixxxed27: posts big blind $0.50
*** HOLE CARDS ***
dallas580821: raises $0.50 to $1
chenconhaste: folds 
lucky83o: folds 
Nightwoof: folds 
SIRCopenhagen: calls $1
pudge.3096: calls $0.75
fixxxed27: calls $0.50
*** FLOP *** [9s Qd 8c]
pudge.3096: checks 
fixxxed27: checks 
dallas580821: checks 
SIRCopenhagen: checks 
*** TURN *** [9s Qd 8c] [Jh]
pudge.3096: checks 
fixxxed27: checks 
dallas580821: checks 
SIRCopenhagen: checks 
*** RIVER *** [9s Qd 8c Jh] [2s]
pudge.3096: checks 
fixxxed27: checks 
dallas580821: bets $3.80
SIRCopenhagen: folds 
Grol3meister joins the table at seat #5 
pudge.3096: folds 
fixxxed27: folds 
Uncalled bet ($3.80) returned to dallas580821
dallas580821 collected $3.80 from pot
dallas580821: doesn't show hand 
*** SUMMARY ***
Total pot $4 | Rake $0.20 
Board [9s Qd 8c Jh 2s]
Seat 1: chenconhaste folded before Flop (didn't bet)
Seat 3: lucky83o folded before Flop (didn't bet)
Seat 4: Nightwoof folded before Flop (didn't bet)
Seat 6: SIRCopenhagen (button) folded on the River
Seat 7: pudge.3096 (small blind) folded on the River
Seat 8: fixxxed27 (big blind) folded on the River
Seat 9: dallas580821 collected ($3.80)



PokerStars Hand #228672836026:  Hold'em No Limit ($0.25/$0.50 USD) - 2021/07/30 0:10:13 ET
Table 'Chantal II' 9-max Seat #7 is the button
Seat 1: chenconhaste ($68.18 in chips) 
Seat 3: lucky83o ($50 in chips) 
Seat 4: Nightwoof ($60.29 in chips) 
Seat 6: SIRCopenhagen ($42.25 in chips) 
Seat 7: pudge.3096 ($50 in chips) 
Seat 8: fixxxed27 ($51.10 in chips) 
Seat 9: dallas580821 ($23.37 in chips) 
fixxxed27: posts small blind $0.25
dallas580821: posts big blind $0.50
Grol3meister: sits out 
*** HOLE CARDS ***
chenconhaste: folds 
lucky83o: folds 
Nightwoof: folds 
SIRCopenhagen: folds 
pudge.3096: raises $0.75 to $1.25
fixxxed27: folds 
dallas580821: folds 
Uncalled bet ($0.75) returned to pudge.3096
pudge.3096 collected $1.25 from pot
pudge.3096: doesn't show hand 
*** SUMMARY ***
Total pot $1.25 | Rake $0 
Seat 1: chenconhaste folded before Flop (didn't bet)
Seat 3: lucky83o folded before Flop (didn't bet)
Seat 4: Nightwoof folded before Flop (didn't bet)
Seat 6: SIRCopenhagen folded before Flop (didn't bet)
Seat 7: pudge.3096 (button) collected ($1.25)
Seat 8: fixxxed27 (small blind) folded before Flop
Seat 9: dallas580821 (big blind) folded before Flop



PokerStars Hand #228672838653:  Hold'em No Limit ($0.25/$0.50 USD) - 2021/07/30 0:10:29 ET
Table 'Chantal II' 9-max Seat #8 is the button
Seat 1: chenconhaste ($68.18 in chips) 
Seat 3: lucky83o ($50 in chips) 
Seat 4: Nightwoof ($60.29 in chips) 
Seat 6: SIRCopenhagen ($42.25 in chips) 
Seat 7: pudge.3096 ($50.75 in chips) 
Seat 8: fixxxed27 ($50.85 in chips) 
Seat 9: dallas580821 ($22.87 in chips) 
dallas580821: posts small blind $0.25
chenconhaste: posts big blind $0.50
Grol3meister: sits out 
*** HOLE CARDS ***
lucky83o: folds 
Nightwoof: folds 
SIRCopenhagen: folds 
pudge.3096: folds 
fixxxed27: folds 
dallas580821: folds 
Uncalled bet ($0.25) returned to chenconhaste
chenconhaste collected $0.50 from pot
*** SUMMARY ***
Total pot $0.50 | Rake $0 
Seat 1: chenconhaste (big blind) collected ($0.50)
Seat 3: lucky83o folded before Flop (didn't bet)
Seat 4: Nightwoof folded before Flop (didn't bet)
Seat 6: SIRCopenhagen folded before Flop (didn't bet)
Seat 7: pudge.3096 folded before Flop (didn't bet)
Seat 8: fixxxed27 (button) folded before Flop (didn't bet)
Seat 9: dallas580821 (small blind) folded before Flop



PokerStars Hand #228672841332:  Hold'em No Limit ($0.25/$0.50 USD) - 2021/07/30 0:10:46 ET
Table 'Chantal II' 9-max Seat #9 is the button
Seat 1: chenconhaste ($68.43 in chips) 
Seat 3: lucky83o ($50 in chips) 
Seat 4: Nightwoof ($60.29 in chips) 
Seat 6: SIRCopenhagen ($42.25 in chips) 
Seat 7: pudge.3096 ($50.75 in chips) 
Seat 8: fixxxed27 ($50.85 in chips) 
Seat 9: dallas580821 ($22.62 in chips) 
chenconhaste: posts small blind $0.25
lucky83o: posts big blind $0.50
Grol3meister: sits out 
*** HOLE CARDS ***
Nightwoof: folds 
SIRCopenhagen: folds 
pudge.3096: folds 
fixxxed27: raises $1 to $1.50
dallas580821: calls $1.50
chenconhaste: folds 
lucky83o: folds 
*** FLOP *** [4h 9c 9d]
fixxxed27: bets $1.28
dallas580821: calls $1.28
*** TURN *** [4h 9c 9d] [Qd]
fixxxed27: checks 
dallas580821: bets $5.99
fixxxed27: raises $17.97 to $23.96
dallas580821: folds 
Uncalled bet ($17.97) returned to fixxxed27
fixxxed27 collected $17.38 from pot
fixxxed27: doesn't show hand 
*** SUMMARY ***
Total pot $18.29 | Rake $0.91 
Board [4h 9c 9d Qd]
Seat 1: chenconhaste (small blind) folded before Flop
Seat 3: lucky83o (big blind) folded before Flop
Seat 4: Nightwoof folded before Flop (didn't bet)
Seat 6: SIRCopenhagen folded before Flop (didn't bet)
Seat 7: pudge.3096 folded before Flop (didn't bet)
Seat 8: fixxxed27 collected ($17.38)
Seat 9: dallas580821 (button) folded on the Turn



PokerStars Hand #228672850029:  Hold'em No Limit ($0.25/$0.50 USD) - 2021/07/30 0:11:41 ET
Table 'Chantal II' 9-max Seat #1 is the button
Seat 1: chenconhaste ($68.18 in chips) 
Seat 3: lucky83o ($50 in chips) 
Seat 4: Nightwoof ($60.29 in chips) 
Seat 6: SIRCopenhagen ($42.25 in chips) 
Seat 7: pudge.3096 ($50.75 in chips) 
Seat 8: fixxxed27 ($59.46 in chips) 
Seat 9: dallas580821 ($13.85 in chips) 
lucky83o: posts small blind $0.25
Nightwoof: posts big blind $0.50
Grol3meister: sits out 
*** HOLE CARDS ***
SIRCopenhagen: folds 
pudge.3096: folds 
fixxxed27: folds 
dallas580821: folds 
chenconhaste: folds 
lucky83o: folds 
Uncalled bet ($0.25) returned to Nightwoof
Nightwoof collected $0.50 from pot
Nightwoof: doesn't show hand 
*** SUMMARY ***
Total pot $0.50 | Rake $0 
Seat 1: chenconhaste (button) folded before Flop (didn't bet)
Seat 3: lucky83o (small blind) folded before Flop
Seat 4: Nightwoof (big blind) collected ($0.50)
Seat 6: SIRCopenhagen folded before Flop (didn't bet)
Seat 7: pudge.3096 folded before Flop (didn't bet)
Seat 8: fixxxed27 folded before Flop (didn't bet)
Seat 9: dallas580821 folded before Flop (didn't bet)



PokerStars Hand #228672854031:  Hold'em No Limit ($0.25/$0.50 USD) - 2021/07/30 0:12:07 ET
Table 'Chantal II' 9-max Seat #3 is the button
Seat 1: chenconhaste ($68.18 in chips) 
Seat 3: lucky83o ($50 in chips) 
Seat 4: Nightwoof ($60.54 in chips) 
Seat 5: Grol3meister ($50 in chips) 
Seat 6: SIRCopenhagen ($42.25 in chips) 
Seat 7: pudge.3096 ($50.75 in chips) 
Seat 8: fixxxed27 ($59.46 in chips) 
Seat 9: dallas580821 ($13.85 in chips) 
Nightwoof: posts small blind $0.25
Grol3meister: posts big blind $0.50
*** HOLE CARDS ***
SIRCopenhagen: calls $0.50
pudge.3096: raises $1.50 to $2
fixxxed27: folds 
dallas580821: folds 
chenconhaste: folds 
lucky83o: folds 
Nightwoof: folds 
Grol3meister: folds 
SIRCopenhagen: calls $1.50
*** FLOP *** [3c 9h Ah]
SIRCopenhagen: checks 
pudge.3096: bets $1.44
SIRCopenhagen: folds 
Uncalled bet ($1.44) returned to pudge.3096
pudge.3096 collected $4.51 from pot
pudge.3096: doesn't show hand 
*** SUMMARY ***
Total pot $4.75 | Rake $0.24 
Board [3c 9h Ah]
Seat 1: chenconhaste folded before Flop (didn't bet)
Seat 3: lucky83o (button) folded before Flop (didn't bet)
Seat 4: Nightwoof (small blind) folded before Flop
Seat 5: Grol3meister (big blind) folded before Flop
Seat 6: SIRCopenhagen folded on the Flop
Seat 7: pudge.3096 collected ($4.51)
Seat 8: fixxxed27 folded before Flop (didn't bet)
Seat 9: dallas580821 folded before Flop (didn't bet)



PokerStars Hand #228672858574:  Hold'em No Limit ($0.25/$0.50 USD) - 2021/07/30 0:12:35 ET
Table 'Chantal II' 9-max Seat #4 is the button
Seat 1: chenconhaste ($68.18 in chips) 
Seat 3: lucky83o ($50 in chips) 
Seat 4: Nightwoof ($60.29 in chips) 
Seat 5: Grol3meister ($50 in chips) 
Seat 6: SIRCopenhagen ($40.25 in chips) 
Seat 7: pudge.3096 ($53.26 in chips) 
Seat 8: fixxxed27 ($59.46 in chips) 
Seat 9: dallas580821 ($13.85 in chips) 
Grol3meister: posts small blind $0.25
SIRCopenhagen: posts big blind $0.50
*** HOLE CARDS ***
pudge.3096: folds 
fixxxed27: folds 
dallas580821: folds 
chenconhaste: raises $0.63 to $1.13
lucky83o: folds 
Nightwoof: folds 
Grol3meister: folds 
SIRCopenhagen: calls $0.63
*** FLOP *** [Td 6d Ks]
SIRCopenhagen: checks 
chenconhaste: bets $0.79
SIRCopenhagen: folds 
Uncalled bet ($0.79) returned to chenconhaste
chenconhaste collected $2.38 from pot
*** SUMMARY ***
Total pot $2.51 | Rake $0.13 
Board [Td 6d Ks]
Seat 1: chenconhaste collected ($2.38)
Seat 3: lucky83o folded before Flop (didn't bet)
Seat 4: Nightwoof (button) folded before Flop (didn't bet)
Seat 5: Grol3meister (small blind) folded before Flop
Seat 6: SIRCopenhagen (big blind) folded on the Flop
Seat 7: pudge.3096 folded before Flop (didn't bet)
Seat 8: fixxxed27 folded before Flop (didn't bet)
Seat 9: dallas580821 folded before Flop (didn't bet)



PokerStars Hand #228672864819:  Hold'em No Limit ($0.25/$0.50 USD) - 2021/07/30 0:13:14 ET
Table 'Chantal II' 9-max Seat #5 is the button
Seat 1: chenconhaste ($69.43 in chips) 
Seat 3: lucky83o ($50 in chips) 
Seat 4: Nightwoof ($60.29 in chips) 
Seat 5: Grol3meister ($50 in chips) 
Seat 6: SIRCopenhagen ($39.12 in chips) 
Seat 7: pudge.3096 ($53.26 in chips) 
Seat 8: fixxxed27 ($59.46 in chips) 
Seat 9: dallas580821 ($13.85 in chips) 
SIRCopenhagen: posts small blind $0.25
pudge.3096: posts big blind $0.50
*** HOLE CARDS ***
fixxxed27: folds 
dallas580821: folds 
chenconhaste: folds 
lucky83o: folds 
Nightwoof: folds 
Grol3meister: folds 
SIRCopenhagen: folds 
Uncalled bet ($0.25) returned to pudge.3096
pudge.3096 collected $0.50 from pot
pudge.3096: doesn't show hand 
*** SUMMARY ***
Total pot $0.50 | Rake $0 
Seat 1: chenconhaste folded before Flop (didn't bet)
Seat 3: lucky83o folded before Flop (didn't bet)
Seat 4: Nightwoof folded before Flop (didn't bet)
Seat 5: Grol3meister (button) folded before Flop (didn't bet)
Seat 6: SIRCopenhagen (small blind) folded before Flop
Seat 7: pudge.3096 (big blind) collected ($0.50)
Seat 8: fixxxed27 folded before Flop (didn't bet)
Seat 9: dallas580821 folded before Flop (didn't bet)



PokerStars Hand #228672866876:  Hold'em No Limit ($0.25/$0.50 USD) - 2021/07/30 0:13:27 ET
Table 'Chantal II' 9-max Seat #6 is the button
Seat 1: chenconhaste ($69.43 in chips) 
Seat 3: lucky83o ($50 in chips) 
Seat 4: Nightwoof ($60.29 in chips) 
Seat 5: Grol3meister ($50 in chips) 
Seat 6: SIRCopenhagen ($38.87 in chips) 
Seat 7: pudge.3096 ($53.51 in chips) 
Seat 8: fixxxed27 ($59.46 in chips) 
Seat 9: dallas580821 ($13.85 in chips) 
pudge.3096: posts small blind $0.25
fixxxed27: posts big blind $0.50
*** HOLE CARDS ***
dallas580821: folds 
chenconhaste: folds 
lucky83o: raises $0.75 to $1.25
Nightwoof: folds 
Grol3meister: folds 
SIRCopenhagen: calls $1.25
pudge.3096: folds 
fixxxed27: folds 
*** FLOP *** [6c Td 9c]
lucky83o: checks 
SIRCopenhagen: bets $1.55
lucky83o: calls $1.55
*** TURN *** [6c Td 9c] [3d]
lucky83o: checks 
SIRCopenhagen: bets $4
lucky83o: folds 
Uncalled bet ($4) returned to SIRCopenhagen
SIRCopenhagen collected $6.03 from pot
SIRCopenhagen: doesn't show hand 
*** SUMMARY ***
Total pot $6.35 | Rake $0.32 
Board [6c Td 9c 3d]
Seat 1: chenconhaste folded before Flop (didn't bet)
Seat 3: lucky83o folded on the Turn
Seat 4: Nightwoof folded before Flop (didn't bet)
Seat 5: Grol3meister folded before Flop (didn't bet)
Seat 6: SIRCopenhagen (button) collected ($6.03)
Seat 7: pudge.3096 (small blind) folded before Flop
Seat 8: fixxxed27 (big blind) folded before Flop
Seat 9: dallas580821 folded before Flop (didn't bet)



PokerStars Hand #228672881685:  Hold'em No Limit ($0.25/$0.50 USD) - 2021/07/30 0:15:01 ET
Table 'Chantal II' 9-max Seat #7 is the button
Seat 1: chenconhaste ($69.43 in chips) 
Seat 3: lucky83o ($50 in chips) 
Seat 4: Nightwoof ($60.29 in chips) 
Seat 5: Grol3meister ($50 in chips) 
Seat 6: SIRCopenhagen ($42.10 in chips) 
Seat 7: pudge.3096 ($53.26 in chips) 
Seat 8: fixxxed27 ($58.96 in chips) 
Seat 9: dallas580821 ($13.85 in chips) 
fixxxed27: posts small blind $0.25
dallas580821: posts big blind $0.50
*** HOLE CARDS ***
chenconhaste: raises $0.63 to $1.13
lucky83o: folds 
Nightwoof: folds 
Grol3meister: folds 
SIRCopenhagen: raises $3.01 to $4.14
pudge.3096: folds 
fixxxed27: folds 
pudge.3096 leaves the table
dallas580821: calls $3.64
chenconhaste: raises $65.29 to $69.43 and is all-in
SIRCopenhagen: calls $37.96 and is all-in
dallas580821: calls $9.71 and is all-in
Uncalled bet ($27.33) returned to chenconhaste
dallas580821 has timed out
*** FLOP *** [Ac Jh 3d]
*** TURN *** [Ac Jh 3d] [Kh]
*** RIVER *** [Ac Jh 3d Kh] [Js]
*** SHOW DOWN ***
chenconhaste: shows [Ks Kc] (a full house, Kings full of Jacks)
SIRCopenhagen: shows [Qd Qc] (two pair, Queens and Jacks)
chenconhaste collected $56.50 from side pot
dallas580821: shows [8s 7s] (a pair of Jacks)
chenconhaste collected $39.80 from main pot
*** SUMMARY ***
Total pot $98.30 Main pot $39.80. Side pot $56.50. | Rake $2 
Board [Ac Jh 3d Kh Js]
Seat 1: chenconhaste showed [Ks Kc] and won ($96.30) with a full house, Kings full of Jacks
Seat 3: lucky83o folded before Flop (didn't bet)
Seat 4: Nightwoof folded before Flop (didn't bet)
Seat 5: Grol3meister folded before Flop (didn't bet)
Seat 6: SIRCopenhagen showed [Qd Qc] and lost with two pair, Queens and Jacks
Seat 7: pudge.3096 (button) folded before Flop (didn't bet)
Seat 8: fixxxed27 (small blind) folded before Flop
Seat 9: dallas580821 (big blind) showed [8s 7s] and lost with a pair of Jacks



PokerStars Hand #228672891202:  Hold'em No Limit ($0.25/$0.50 USD) - 2021/07/30 0:16:01 ET
Table 'Chantal II' 9-max Seat #8 is the button
Seat 1: chenconhaste ($123.63 in chips) 
Seat 3: lucky83o ($50 in chips) 
Seat 4: Nightwoof ($60.29 in chips) 
Seat 5: Grol3meister ($50 in chips) 
Seat 8: fixxxed27 ($58.71 in chips) 
chenconhaste: posts small blind $0.25
lucky83o: posts big blind $0.50
*** HOLE CARDS ***
Nightwoof: folds 
Grol3meister: folds 
SIRCopenhagen leaves the table
fixxxed27: folds 
chenconhaste: folds 
Uncalled bet ($0.25) returned to lucky83o
lucky83o collected $0.50 from pot
lucky83o: doesn't show hand 
*** SUMMARY ***
Total pot $0.50 | Rake $0 
Seat 1: chenconhaste (small blind) folded before Flop
Seat 3: lucky83o (big blind) collected ($0.50)
Seat 4: Nightwoof folded before Flop (didn't bet)
Seat 5: Grol3meister folded before Flop (didn't bet)
Seat 8: fixxxed27 (button) folded before Flop (didn't bet)



PokerStars Hand #228672893189:  Hold'em No Limit ($0.25/$0.50 USD) - 2021/07/30 0:16:13 ET
Table 'Chantal II' 9-max Seat #1 is the button
Seat 1: chenconhaste ($123.38 in chips) 
Seat 3: lucky83o ($50.25 in chips) 
Seat 8: fixxxed27 ($58.71 in chips) 
lucky83o: posts small blind $0.25
Nightwoof: is sitting out 
Grol3meister: is sitting out 
fixxxed27: posts big blind $0.50
*** HOLE CARDS ***
chenconhaste: raises $0.63 to $1.13
lucky83o: folds 
Nightwoof leaves the table
dallas580821 leaves the table
Grol3meister leaves the table
fixxxed27: folds 
Uncalled bet ($0.63) returned to chenconhaste
chenconhaste collected $1.25 from pot
*** SUMMARY ***
Total pot $1.25 | Rake $0 
Seat 1: chenconhaste (button) collected ($1.25)
Seat 3: lucky83o (small blind) folded before Flop
Seat 8: fixxxed27 (big blind) folded before Flop



PokerStars Hand #228672896779:  Hold'em No Limit ($0.25/$0.50 USD) - 2021/07/30 0:16:36 ET
Table 'Chantal II' 9-max Seat #3 is the button
Seat 1: chenconhaste ($124.13 in chips) 
Seat 3: lucky83o ($50 in chips) 
Seat 8: fixxxed27 ($58.21 in chips) 
fixxxed27: posts small blind $0.25
chenconhaste: posts big blind $0.50
*** HOLE CARDS ***
lucky83o: folds 
fixxxed27: calls $0.25
chenconhaste: checks 
*** FLOP *** [7h 4s 9h]
fixxxed27: bets $0.50
chenconhaste: folds 
Uncalled bet ($0.50) returned to fixxxed27
fixxxed27 collected $0.95 from pot
fixxxed27: doesn't show hand 
*** SUMMARY ***
Total pot $1 | Rake $0.05 
Board [7h 4s 9h]
Seat 1: chenconhaste (big blind) folded on the Flop
Seat 3: lucky83o (button) folded before Flop (didn't bet)
Seat 8: fixxxed27 (small blind) collected ($0.95)



PokerStars Hand #228672481237:  Hold'em No Limit ($0.25/$0.50 USD) - 2021/07/30 23:36:09 ET
Table 'Chantal II' 9-max Seat #3 is the button
Seat 2: L'père ($45.22 in chips) 
Seat 3: SuneSt ($50.20 in chips) 
Seat 6: rovara ($77.82 in chips) 
Seat 7: pudge.3096 ($52.25 in chips) 
rovara: posts small blind $0.25
pudge.3096: posts big blind $0.50
fixxxed27: sits out 
Millten: sits out 
chenconhaste: sits out 
*** HOLE CARDS ***
L'père: folds 
SuneSt: raises $0.75 to $1.25
rovara: folds 
pudge.3096: folds 
Uncalled bet ($0.75) returned to SuneSt
SuneSt collected $1.25 from pot
SuneSt: doesn't show hand 
*** SUMMARY ***
Total pot $1.25 | Rake $0 
Seat 2: L'père folded before Flop (didn't bet)
Seat 3: SuneSt (button) collected ($1.25)
Seat 6: rovara (small blind) folded before Flop
Seat 7: pudge.3096 (big blind) folded before Flop



PokerStars Hand #228672484324:  Hold'em No Limit ($0.25/$0.50 USD) - 2021/07/30 23:36:27 ET
Table 'Chantal II' 9-max Seat #6 is the button
Seat 2: L'père ($45.22 in chips) 
Seat 3: SuneSt ($50.95 in chips) 
Seat 6: rovara ($77.57 in chips) 
Seat 7: pudge.3096 ($51.75 in chips) 
Seat 8: fixxxed27 ($50 in chips) 
pudge.3096: posts small blind $0.25
fixxxed27: posts big blind $0.50
Millten: sits out 
chenconhaste: sits out 
Nightwoof: sits out 
Millten leaves the table
undergr0undY: sits out 
*** HOLE CARDS ***
L'père: folds 
SuneSt: folds 
rovara: raises $0.75 to $1.25
pudge.3096: folds 
fixxxed27: folds 
Uncalled bet ($0.75) returned to rovara
rovara collected $1.25 from pot
*** SUMMARY ***
Total pot $1.25 | Rake $0 
Seat 2: L'père folded before Flop (didn't bet)
Seat 3: SuneSt folded before Flop (didn't bet)
Seat 6: rovara (button) collected ($1.25)
Seat 7: pudge.3096 (small blind) folded before Flop
Seat 8: fixxxed27 (big blind) folded before Flop



PokerStars Hand #228672581955:  Hold'em No Limit ($0.25/$0.50 USD) - 2021/07/30 23:45:35 ET
Table 'Chantal II' 9-max Seat #5 is the button
Seat 1: chenconhaste ($50 in chips) 
Seat 2: L'père ($68.77 in chips) 
Seat 3: SuneSt ($50 in chips) 
Seat 4: Nightwoof ($50 in chips) 
Seat 5: undergr0undY ($50 in chips) 
Seat 6: rovara ($74.45 in chips) 
Seat 7: pudge.3096 ($51.50 in chips) 
Seat 8: fixxxed27 ($51.31 in chips) 
Seat 9: dallas580821 ($21.50 in chips) 
rovara: posts small blind $0.25
pudge.3096: posts big blind $0.50
*** HOLE CARDS ***
fixxxed27: folds 
dallas580821: folds 
chenconhaste: raises $0.63 to $1.13
L'père: folds 
SuneSt: folds 
Nightwoof: folds 
undergr0undY: folds 
rovara: folds 
pudge.3096: folds 
Uncalled bet ($0.63) returned to chenconhaste
chenconhaste collected $1.25 from pot
*** SUMMARY ***
Total pot $1.25 | Rake $0 
Seat 1: chenconhaste collected ($1.25)
Seat 2: L'père folded before Flop (didn't bet)
Seat 3: SuneSt folded before Flop (didn't bet)
Seat 4: Nightwoof folded before Flop (didn't bet)
Seat 5: undergr0undY (button) folded before Flop (didn't bet)
Seat 6: rovara (small blind) folded before Flop
Seat 7: pudge.3096 (big blind) folded before Flop
Seat 8: fixxxed27 folded before Flop (didn't bet)
Seat 9: dallas580821 folded before Flop (didn't bet)



PokerStars Hand #228672638899:  Hold'em No Limit ($0.25/$0.50 USD) - 2021/07/30 23:51:14 ET
Table 'Chantal II' 9-max Seat #5 is the button
Seat 1: chenconhaste ($50 in chips) 
Seat 2: L'père ($67.65 in chips) 
Seat 3: SuneSt ($54 in chips) 
Seat 4: Nightwoof ($50 in chips) 
Seat 5: undergr0undY ($50 in chips) 
Seat 6: rovara ($72.95 in chips) 
Seat 7: pudge.3096 ($51.50 in chips) 
Seat 8: fixxxed27 ($53.60 in chips) 
Seat 9: dallas580821 ($21.64 in chips) 
rovara: posts small blind $0.25
pudge.3096: posts big blind $0.50
*** HOLE CARDS ***
fixxxed27: folds 
dallas580821: calls $0.50
chenconhaste: folds 
L'père: calls $0.50
SuneSt: folds 
Nightwoof: folds 
undergr0undY: folds 
rovara: raises $2.50 to $3
pudge.3096: folds 
dallas580821: raises $3.25 to $6.25
L'père: folds 
rovara: folds 
Uncalled bet ($3.25) returned to dallas580821
dallas580821 collected $7 from pot
*** SUMMARY ***
Total pot $7 | Rake $0 
Seat 1: chenconhaste folded before Flop (didn't bet)
Seat 2: L'père folded before Flop
Seat 3: SuneSt folded before Flop (didn't bet)
Seat 4: Nightwoof folded before Flop (didn't bet)
Seat 5: undergr0undY (button) folded before Flop (didn't bet)
Seat 6: rovara (small blind) folded before Flop
Seat 7: pudge.3096 (big blind) folded before Flop
Seat 8: fixxxed27 folded before Flop (didn't bet)
Seat 9: dallas580821 collected ($7)



PokerStars Hand #228672706565:  Hold'em No Limit ($0.25/$0.50 USD) - 2021/07/30 23:56:55 ET
Table 'Chantal II' 9-max Seat #4 is the button
Seat 1: chenconhaste ($51.50 in chips) 
Seat 2: L'père ($70.28 in chips) 
Seat 4: Nightwoof ($59.25 in chips) 
Seat 5: undergr0undY ($50.25 in chips) 
Seat 6: rovara ($69.95 in chips) 
Seat 7: pudge.3096 ($50 in chips) 
Seat 8: fixxxed27 ($52.85 in chips) 
Seat 9: dallas580821 ($16.14 in chips) 
undergr0undY: posts small blind $0.25
rovara: posts big blind $0.50
lucky83o: sits out 
*** HOLE CARDS ***
pudge.3096: folds 
fixxxed27: folds 
dallas580821: calls $0.50
chenconhaste: folds 
L'père: calls $0.50
Nightwoof: folds 
undergr0undY: folds 
rovara: checks 
*** FLOP *** [Kh Ah 5c]
rovara: checks 
dallas580821: checks 
L'père: bets $0.83
rovara: calls $0.83
dallas580821: calls $0.83
*** TURN *** [Kh Ah 5c] [Tc]
rovara: checks 
dallas580821: bets $2.01
L'père: folds 
rovara: folds 
Uncalled bet ($2.01) returned to dallas580821
dallas580821 collected $4.03 from pot
*** SUMMARY ***
Total pot $4.24 | Rake $0.21 
Board [Kh Ah 5c Tc]
Seat 1: chenconhaste folded before Flop (didn't bet)
Seat 2: L'père folded on the Turn
Seat 4: Nightwoof (button) folded before Flop (didn't bet)
Seat 5: undergr0undY (small blind) folded before Flop
Seat 6: rovara (big blind) folded on the Turn
Seat 7: pudge.3096 folded before Flop (didn't bet)
Seat 8: fixxxed27 folded before Flop (didn't bet)
Seat 9: dallas580821 collected ($4.03)



PokerStars Hand #228672307090:  Hold'em No Limit ($0.25/$0.50 USD) - 2021/07/30 23:20:13 ET
Table 'Chantal II' 9-max Seat #5 is the button
Seat 1: ka3090 ($55.23 in chips) 
Seat 2: L'père ($35.19 in chips) 
Seat 3: artemxxl ($79.58 in chips) 
Seat 4: Echomk ($54.14 in chips) 
Seat 5: Squall33bdi ($50 in chips) 
Seat 7: tridion ($20.25 in chips) 
Seat 8: valdirnerati ($38.25 in chips) 
tridion: posts small blind $0.25
valdirnerati: posts big blind $0.50
*** HOLE CARDS ***
ka3090: folds 
L'père: calls $0.50
artemxxl: folds 
Echomk: folds 
Squall33bdi: folds 
tridion: folds 
valdirnerati: raises $1 to $1.50
L'père: calls $1
*** FLOP *** [5c Qd 4d]
valdirnerati: bets $2
L'père: calls $2
*** TURN *** [5c Qd 4d] [Ah]
valdirnerati: checks 
L'père: checks 
*** RIVER *** [5c Qd 4d Ah] [4h]
valdirnerati: checks 
L'père: bets $3.45
valdirnerati: folds [Ts Th]
Uncalled bet ($3.45) returned to L'père
L'père collected $6.89 from pot
L'père: doesn't show hand 
*** SUMMARY ***
Total pot $7.25 | Rake $0.36 
Board [5c Qd 4d Ah 4h]
Seat 1: ka3090 folded before Flop (didn't bet)
Seat 2: L'père collected ($6.89)
Seat 3: artemxxl folded before Flop (didn't bet)
Seat 4: Echomk folded before Flop (didn't bet)
Seat 5: Squall33bdi (button) folded before Flop (didn't bet)
Seat 7: tridion (small blind) folded before Flop
Seat 8: valdirnerati (big blind) folded on the River



PokerStars Hand #228672318208:  Hold'em No Limit ($0.25/$0.50 USD) - 2021/07/30 23:21:15 ET
Table 'Chantal II' 9-max Seat #7 is the button
Seat 1: ka3090 ($55.23 in chips) 
Seat 2: L'père ($38.58 in chips) 
Seat 3: artemxxl ($79.58 in chips) 
Seat 4: Echomk ($54.14 in chips) 
Seat 5: Squall33bdi ($50 in chips) 
Seat 6: rovara ($50 in chips) 
Seat 7: tridion ($20 in chips) 
Seat 8: valdirnerati ($34.75 in chips) 
valdirnerati: posts small blind $0.25
ka3090: posts big blind $0.50
rovara: posts big blind $0.50
*** HOLE CARDS ***
L'père: folds 
artemxxl: folds 
Echomk: folds 
Squall33bdi: raises $2.05 to $2.55
rovara: folds 
tridion: folds 
valdirnerati: folds 
ka3090: calls $2.05
*** FLOP *** [2d Js 3h]
ka3090: checks 
Squall33bdi: bets $1.83
ka3090: calls $1.83
*** TURN *** [2d Js 3h] [6h]
ka3090: checks 
Squall33bdi: checks 
*** RIVER *** [2d Js 3h 6h] [8s]
ka3090: checks 
Squall33bdi: checks 
*** SHOW DOWN ***
ka3090: shows [As 6d] (a pair of Sixes)
Squall33bdi: mucks hand 
ka3090 collected $9.03 from pot
*** SUMMARY ***
Total pot $9.51 | Rake $0.48 
Board [2d Js 3h 6h 8s]
Seat 1: ka3090 (big blind) showed [As 6d] and won ($9.03) with a pair of Sixes
Seat 2: L'père folded before Flop (didn't bet)
Seat 3: artemxxl folded before Flop (didn't bet)
Seat 4: Echomk folded before Flop (didn't bet)
Seat 5: Squall33bdi mucked
Seat 6: rovara folded before Flop (didn't bet)
Seat 7: tridion (button) folded before Flop (didn't bet)
Seat 8: valdirnerati (small blind) folded before Flop



PokerStars Hand #228672324879:  Hold'em No Limit ($0.25/$0.50 USD) - 2021/07/30 23:21:54 ET
Table 'Chantal II' 9-max Seat #8 is the button
Seat 1: ka3090 ($59.88 in chips) 
Seat 2: L'père ($38.58 in chips) 
Seat 3: artemxxl ($79.58 in chips) 
Seat 4: Echomk ($54.14 in chips) 
Seat 5: Squall33bdi ($50 in chips) 
Seat 6: rovara ($50 in chips) 
Seat 7: tridion ($20 in chips) 
Seat 8: valdirnerati ($34.50 in chips) 
ka3090: posts small blind $0.25
L'père: posts big blind $0.50
*** HOLE CARDS ***
artemxxl: folds 
artemxxl leaves the table
Echomk: folds 
Squall33bdi: folds 
SuneSt joins the table at seat #3 
rovara: raises $1 to $1.50
tridion: folds 
valdirnerati: folds 
ka3090: folds 
L'père: folds 
Uncalled bet ($1) returned to rovara
rovara collected $1.25 from pot
*** SUMMARY ***
Total pot $1.25 | Rake $0 
Seat 1: ka3090 (small blind) folded before Flop
Seat 2: L'père (big blind) folded before Flop
Seat 3: artemxxl folded before Flop (didn't bet)
Seat 4: Echomk folded before Flop (didn't bet)
Seat 5: Squall33bdi folded before Flop (didn't bet)
Seat 6: rovara collected ($1.25)
Seat 7: tridion folded before Flop (didn't bet)
Seat 8: valdirnerati (button) folded before Flop (didn't bet)



PokerStars Hand #228672328359:  Hold'em No Limit ($0.25/$0.50 USD) - 2021/07/30 23:22:13 ET
Table 'Chantal II' 9-max Seat #1 is the button
Seat 1: ka3090 ($59.63 in chips) 
Seat 2: L'père ($38.08 in chips) 
Seat 3: SuneSt ($50 in chips) 
Seat 4: Echomk ($54.14 in chips) 
Seat 5: Squall33bdi ($50 in chips) 
Seat 6: rovara ($50.75 in chips) 
Seat 7: tridion ($20 in chips) 
Seat 8: valdirnerati ($34.50 in chips) 
L'père: posts small blind $0.25
SuneSt: posts big blind $0.50
*** HOLE CARDS ***
Echomk: folds 
Squall33bdi: raises $1 to $1.50
rovara: folds 
tridion: calls $1.50
valdirnerati: folds 
ka3090: folds 
L'père: calls $1.25
SuneSt: folds 
*** FLOP *** [8s 2d Kc]
L'père: checks 
Squall33bdi: checks 
tridion: checks 
*** TURN *** [8s 2d Kc] [2s]
L'père: checks 
Squall33bdi: bets $3.56
tridion: folds 
L'père: folds 
Uncalled bet ($3.56) returned to Squall33bdi
Squall33bdi collected $4.75 from pot
Squall33bdi: doesn't show hand 
*** SUMMARY ***
Total pot $5 | Rake $0.25 
Board [8s 2d Kc 2s]
Seat 1: ka3090 (button) folded before Flop (didn't bet)
Seat 2: L'père (small blind) folded on the Turn
Seat 3: SuneSt (big blind) folded before Flop
Seat 4: Echomk folded before Flop (didn't bet)
Seat 5: Squall33bdi collected ($4.75)
Seat 6: rovara folded before Flop (didn't bet)
Seat 7: tridion folded on the Turn
Seat 8: valdirnerati folded before Flop (didn't bet)



PokerStars Hand #228672335979:  Hold'em No Limit ($0.25/$0.50 USD) - 2021/07/30 23:22:56 ET
Table 'Chantal II' 9-max Seat #2 is the button
Seat 1: ka3090 ($59.63 in chips) 
Seat 2: L'père ($36.58 in chips) 
Seat 3: SuneSt ($50 in chips) 
Seat 4: Echomk ($54.14 in chips) 
Seat 5: Squall33bdi ($53.25 in chips) 
Seat 6: rovara ($50.75 in chips) 
Seat 7: tridion ($18.50 in chips) 
Seat 8: valdirnerati ($34.50 in chips) 
SuneSt: posts small blind $0.25
Echomk: posts big blind $0.50
*** HOLE CARDS ***
Squall33bdi: folds 
rovara: folds 
tridion: folds 
valdirnerati: folds 
ka3090: raises $1 to $1.50
L'père: folds 
SuneSt: folds 
Echomk: folds 
Uncalled bet ($1) returned to ka3090
ka3090 collected $1.25 from pot
ka3090: doesn't show hand 
*** SUMMARY ***
Total pot $1.25 | Rake $0 
Seat 1: ka3090 collected ($1.25)
Seat 2: L'père (button) folded before Flop (didn't bet)
Seat 3: SuneSt (small blind) folded before Flop
Seat 4: Echomk (big blind) folded before Flop
Seat 5: Squall33bdi folded before Flop (didn't bet)
Seat 6: rovara folded before Flop (didn't bet)
Seat 7: tridion folded before Flop (didn't bet)
Seat 8: valdirnerati folded before Flop (didn't bet)



PokerStars Hand #228672339311:  Hold'em No Limit ($0.25/$0.50 USD) - 2021/07/30 23:23:15 ET
Table 'Chantal II' 9-max Seat #3 is the button
Seat 1: ka3090 ($60.38 in chips) 
Seat 2: L'père ($36.58 in chips) 
Seat 3: SuneSt ($50 in chips) 
Seat 4: Echomk ($53.64 in chips) 
Seat 5: Squall33bdi ($53.25 in chips) 
Seat 6: rovara ($50.75 in chips) 
Seat 7: tridion ($18.50 in chips) 
Seat 8: valdirnerati ($34.50 in chips) 
Echomk: posts small blind $0.25
Squall33bdi: posts big blind $0.50
*** HOLE CARDS ***
rovara: folds 
tridion: folds 
valdirnerati: folds 
ka3090: raises $1 to $1.50
L'père: folds 
SuneSt: calls $1.50
Echomk: folds 
Squall33bdi: folds 
*** FLOP *** [Qs 5h 3h]
ka3090: checks 
SuneSt: checks 
*** TURN *** [Qs 5h 3h] [8d]
ka3090: checks 
SuneSt: checks 
*** RIVER *** [Qs 5h 3h 8d] [2d]
ka3090: checks 
SuneSt: checks 
*** SHOW DOWN ***
ka3090: shows [Ah Th] (high card Ace)
SuneSt: shows [4c 4h] (a pair of Fours)
SuneSt collected $3.56 from pot
*** SUMMARY ***
Total pot $3.75 | Rake $0.19 
Board [Qs 5h 3h 8d 2d]
Seat 1: ka3090 showed [Ah Th] and lost with high card Ace
Seat 2: L'père folded before Flop (didn't bet)
Seat 3: SuneSt (button) showed [4c 4h] and won ($3.56) with a pair of Fours
Seat 4: Echomk (small blind) folded before Flop
Seat 5: Squall33bdi (big blind) folded before Flop
Seat 6: rovara folded before Flop (didn't bet)
Seat 7: tridion folded before Flop (didn't bet)
Seat 8: valdirnerati folded before Flop (didn't bet)



PokerStars Hand #228672345526:  Hold'em No Limit ($0.25/$0.50 USD) - 2021/07/30 23:23:50 ET
Table 'Chantal II' 9-max Seat #4 is the button
Seat 1: ka3090 ($58.88 in chips) 
Seat 2: L'père ($36.58 in chips) 
Seat 3: SuneSt ($52.06 in chips) 
Seat 4: Echomk ($53.39 in chips) 
Seat 5: Squall33bdi ($52.75 in chips) 
Seat 6: rovara ($50.75 in chips) 
Seat 7: tridion ($18.50 in chips) 
Seat 8: valdirnerati ($34.50 in chips) 
Squall33bdi: posts small blind $0.25
rovara: posts big blind $0.50
*** HOLE CARDS ***
tridion: raises $1 to $1.50
valdirnerati: folds 
ka3090: folds 
L'père: folds 
SuneSt: folds 
Echomk: folds 
Squall33bdi: folds 
rovara: folds 
Uncalled bet ($1) returned to tridion
tridion collected $1.25 from pot
tridion: doesn't show hand 
*** SUMMARY ***
Total pot $1.25 | Rake $0 
Seat 1: ka3090 folded before Flop (didn't bet)
Seat 2: L'père folded before Flop (didn't bet)
Seat 3: SuneSt folded before Flop (didn't bet)
Seat 4: Echomk (button) folded before Flop (didn't bet)
Seat 5: Squall33bdi (small blind) folded before Flop
Seat 6: rovara (big blind) folded before Flop
Seat 7: tridion collected ($1.25)
Seat 8: valdirnerati folded before Flop (didn't bet)



PokerStars Hand #228672349045:  Hold'em No Limit ($0.25/$0.50 USD) - 2021/07/30 23:24:10 ET
Table 'Chantal II' 9-max Seat #5 is the button
Seat 1: ka3090 ($58.88 in chips) 
Seat 2: L'père ($36.58 in chips) 
Seat 3: SuneSt ($52.06 in chips) 
Seat 4: Echomk ($53.39 in chips) 
Seat 5: Squall33bdi ($52.50 in chips) 
Seat 6: rovara ($50.25 in chips) 
Seat 7: tridion ($19.25 in chips) 
Seat 8: valdirnerati ($34.50 in chips) 
rovara: posts small blind $0.25
tridion: posts big blind $0.50
*** HOLE CARDS ***
valdirnerati: folds 
ka3090: folds 
L'père: folds 
SuneSt: raises $0.75 to $1.25
Echomk: folds 
Squall33bdi: folds 
rovara: folds 
tridion: folds 
Uncalled bet ($0.75) returned to SuneSt
SuneSt collected $1.25 from pot
SuneSt: doesn't show hand 
*** SUMMARY ***
Total pot $1.25 | Rake $0 
Seat 1: ka3090 folded before Flop (didn't bet)
Seat 2: L'père folded before Flop (didn't bet)
Seat 3: SuneSt collected ($1.25)
Seat 4: Echomk folded before Flop (didn't bet)
Seat 5: Squall33bdi (button) folded before Flop (didn't bet)
Seat 6: rovara (small blind) folded before Flop
Seat 7: tridion (big blind) folded before Flop
Seat 8: valdirnerati folded before Flop (didn't bet)



PokerStars Hand #228672354379:  Hold'em No Limit ($0.25/$0.50 USD) - 2021/07/30 23:24:40 ET
Table 'Chantal II' 9-max Seat #6 is the button
Seat 1: ka3090 ($58.88 in chips) 
Seat 2: L'père ($36.58 in chips) 
Seat 3: SuneSt ($52.81 in chips) 
Seat 4: Echomk ($53.39 in chips) 
Seat 5: Squall33bdi ($52.50 in chips) 
Seat 6: rovara ($50 in chips) 
Seat 7: tridion ($18.75 in chips) 
Seat 8: valdirnerati ($34.50 in chips) 
tridion: posts small blind $0.25
valdirnerati: posts big blind $0.50
*** HOLE CARDS ***
ka3090: folds 
L'père: folds 
SuneSt: folds 
Echomk: raises $0.75 to $1.25
Squall33bdi: folds 
rovara: raises $3.25 to $4.50
tridion: folds 
valdirnerati: folds 
Echomk: calls $3.25
*** FLOP *** [7d Kc Jh]
Echomk: checks 
rovara: bets $3.06
Echomk: calls $3.06
*** TURN *** [7d Kc Jh] [4d]
Echomk: checks 
rovara: bets $6.64
Echomk: raises $11.86 to $18.50
rovara: calls $11.86
*** RIVER *** [7d Kc Jh 4d] [5h]
Echomk: bets $27.33 and is all-in
rovara has timed out
rovara: folds 
Uncalled bet ($27.33) returned to Echomk
Echomk collected $50.87 from pot
Echomk: doesn't show hand 
*** SUMMARY ***
Total pot $52.87 | Rake $2 
Board [7d Kc Jh 4d 5h]
Seat 1: ka3090 folded before Flop (didn't bet)
Seat 2: L'père folded before Flop (didn't bet)
Seat 3: SuneSt folded before Flop (didn't bet)
Seat 4: Echomk collected ($50.87)
Seat 5: Squall33bdi folded before Flop (didn't bet)
Seat 6: rovara (button) folded on the River
Seat 7: tridion (small blind) folded before Flop
Seat 8: valdirnerati (big blind) folded before Flop



PokerStars Hand #228672377365:  Hold'em No Limit ($0.25/$0.50 USD) - 2021/07/30 23:26:52 ET
Table 'Chantal II' 9-max Seat #7 is the button
Seat 1: ka3090 ($58.88 in chips) 
Seat 2: L'père ($36.58 in chips) 
Seat 3: SuneSt ($52.81 in chips) 
Seat 4: Echomk ($78.20 in chips) 
Seat 5: Squall33bdi ($52.50 in chips) 
Seat 6: rovara ($50 in chips) 
Seat 7: tridion ($18.50 in chips) 
Seat 8: valdirnerati ($34 in chips) 
valdirnerati: posts small blind $0.25
ka3090: posts big blind $0.50
*** HOLE CARDS ***
L'père: raises $0.50 to $1
SuneSt: raises $3 to $4
Echomk: folds 
Squall33bdi: folds 
rovara: folds 
tridion: folds 
valdirnerati: folds 
ka3090: folds 
L'père: calls $3
*** FLOP *** [Jd 6h Td]
L'père: checks 
SuneSt: bets $5.48
L'père: calls $5.48
*** TURN *** [Jd 6h Td] [Qs]
L'père: checks 
SuneSt: checks 
*** RIVER *** [Jd 6h Td Qs] [4h]
L'père: checks 
SuneSt: checks 
*** SHOW DOWN ***
L'père: shows [Kh Ac] (a straight, Ten to Ace)
SuneSt: mucks hand 
L'père collected $18.72 from pot
FirstBrummer was removed from the table for failing to post
FirstBrummer leaves the table
*** SUMMARY ***
Total pot $19.71 | Rake $0.99 
Board [Jd 6h Td Qs 4h]
Seat 1: ka3090 (big blind) folded before Flop
Seat 2: L'père showed [Kh Ac] and won ($18.72) with a straight, Ten to Ace
Seat 3: SuneSt mucked
Seat 4: Echomk folded before Flop (didn't bet)
Seat 5: Squall33bdi folded before Flop (didn't bet)
Seat 6: rovara folded before Flop (didn't bet)
Seat 7: tridion (button) folded before Flop (didn't bet)
Seat 8: valdirnerati (small blind) folded before Flop



PokerStars Hand #228672388390:  Hold'em No Limit ($0.25/$0.50 USD) - 2021/07/30 23:27:56 ET
Table 'Chantal II' 9-max Seat #8 is the button
Seat 1: ka3090 ($58.38 in chips) 
Seat 2: L'père ($45.82 in chips) 
Seat 3: SuneSt ($50 in chips) 
Seat 4: Echomk ($78.20 in chips) 
Seat 5: Squall33bdi ($52.50 in chips) 
Seat 6: rovara ($50 in chips) 
Seat 7: tridion ($18.50 in chips) 
Seat 8: valdirnerati ($33.75 in chips) 
ka3090: posts small blind $0.25
L'père: posts big blind $0.50
*** HOLE CARDS ***
SuneSt: folds 
Echomk: folds 
Squall33bdi: folds 
rovara: raises $1 to $1.50
tridion: calls $1.50
valdirnerati: folds 
ka3090: folds 
L'père: calls $1
*** FLOP *** [7s 6d Kh]
L'père: checks 
rovara: bets $1.49
Effort92 joins the table at seat #9 
tridion: calls $1.49
L'père: folds 
*** TURN *** [7s 6d Kh] [9s]
rovara: bets $5.58
tridion: calls $5.58
*** RIVER *** [7s 6d Kh 9s] [8c]
rovara: checks 
tridion: bets $9.93 and is all-in
rovara: folds 
Uncalled bet ($9.93) returned to tridion
tridion collected $17.95 from pot
tridion: doesn't show hand 
*** SUMMARY ***
Total pot $18.89 | Rake $0.94 
Board [7s 6d Kh 9s 8c]
Seat 1: ka3090 (small blind) folded before Flop
Seat 2: L'père (big blind) folded on the Flop
Seat 3: SuneSt folded before Flop (didn't bet)
Seat 4: Echomk folded before Flop (didn't bet)
Seat 5: Squall33bdi folded before Flop (didn't bet)
Seat 6: rovara folded on the River
Seat 7: tridion collected ($17.95)
Seat 8: valdirnerati (button) folded before Flop (didn't bet)



PokerStars Hand #228672411564:  Hold'em No Limit ($0.25/$0.50 USD) - 2021/07/30 23:29:28 ET
Table 'Chantal II' 9-max Seat #1 is the button
Seat 1: ka3090 ($58.13 in chips) 
Seat 2: L'père ($44.32 in chips) 
Seat 3: SuneSt ($50 in chips) 
Seat 4: Echomk ($78.20 in chips) 
Seat 5: Squall33bdi ($52.50 in chips) 
Seat 6: rovara ($50 in chips) 
Seat 7: tridion ($27.88 in chips) 
Seat 8: valdirnerati ($33.75 in chips) 
L'père: posts small blind $0.25
SuneSt: posts big blind $0.50
Effort92: sits out 
*** HOLE CARDS ***
Echomk: folds 
rovara is disconnected 
Squall33bdi: folds 
rovara has timed out while disconnected
rovara: folds 
tridion: folds 
valdirnerati: folds 
ka3090: folds 
L'père: raises $0.50 to $1
SuneSt: calls $0.50
*** FLOP *** [Kh Th Ks]
L'père: checks 
SuneSt: checks 
*** TURN *** [Kh Th Ks] [Ac]
L'père: bets $0.95
SuneSt: folds 
Uncalled bet ($0.95) returned to L'père
L'père collected $1.90 from pot
L'père: doesn't show hand 
*** SUMMARY ***
Total pot $2 | Rake $0.10 
Board [Kh Th Ks Ac]
Seat 1: ka3090 (button) folded before Flop (didn't bet)
Seat 2: L'père (small blind) collected ($1.90)
Seat 3: SuneSt (big blind) folded on the Turn
Seat 4: Echomk folded before Flop (didn't bet)
Seat 5: Squall33bdi folded before Flop (didn't bet)
Seat 6: rovara folded before Flop (didn't bet)
Seat 7: tridion folded before Flop (didn't bet)
Seat 8: valdirnerati folded before Flop (didn't bet)



PokerStars Hand #228672419731:  Hold'em No Limit ($0.25/$0.50 USD) - 2021/07/30 23:30:14 ET
Table 'Chantal II' 9-max Seat #2 is the button
Seat 1: ka3090 ($58.13 in chips) 
Seat 2: L'père ($45.22 in chips) 
Seat 3: SuneSt ($50 in chips) 
Seat 4: Echomk ($78.20 in chips) 
Seat 5: Squall33bdi ($52.50 in chips) 
Seat 6: rovara ($50 in chips) 
Seat 7: tridion ($27.88 in chips) 
Seat 8: valdirnerati ($33.75 in chips) 
SuneSt: posts small blind $0.25
Echomk: posts big blind $0.50
Effort92: sits out 
*** HOLE CARDS ***
Squall33bdi: raises $1 to $1.50
rovara: folds 
tridion: folds 
valdirnerati: folds 
ka3090: folds 
L'père: folds 
SuneSt: folds 
Echomk: folds 
Uncalled bet ($1) returned to Squall33bdi
Squall33bdi collected $1.25 from pot
Squall33bdi: doesn't show hand 
*** SUMMARY ***
Total pot $1.25 | Rake $0 
Seat 1: ka3090 folded before Flop (didn't bet)
Seat 2: L'père (button) folded before Flop (didn't bet)
Seat 3: SuneSt (small blind) folded before Flop
Seat 4: Echomk (big blind) folded before Flop
Seat 5: Squall33bdi collected ($1.25)
Seat 6: rovara folded before Flop (didn't bet)
Seat 7: tridion folded before Flop (didn't bet)
Seat 8: valdirnerati folded before Flop (didn't bet)



PokerStars Hand #228672422869:  Hold'em No Limit ($0.25/$0.50 USD) - 2021/07/30 23:30:32 ET
Table 'Chantal II' 9-max Seat #3 is the button
Seat 1: ka3090 ($58.13 in chips) 
Seat 2: L'père ($45.22 in chips) 
Seat 3: SuneSt ($50 in chips) 
Seat 4: Echomk ($77.70 in chips) 
Seat 5: Squall33bdi ($53.25 in chips) 
Seat 6: rovara ($50 in chips) 
Seat 7: tridion ($27.88 in chips) 
Seat 8: valdirnerati ($33.75 in chips) 
Echomk: posts small blind $0.25
Squall33bdi: posts big blind $0.50
Effort92: sits out 
*** HOLE CARDS ***
rovara: folds 
tridion: folds 
valdirnerati: folds 
ka3090: raises $1 to $1.50
L'père: folds 
SuneSt: folds 
Echomk: folds 
Squall33bdi: raises $4.65 to $6.15
ka3090: calls $4.65
*** FLOP *** [2h Qc 3h]
valdirnerati leaves the table
Squall33bdi: bets $3.93
ka3090: raises $3.93 to $7.86
Squall33bdi: calls $3.93
*** TURN *** [2h Qc 3h] [Jd]
Squall33bdi: checks 
xobit26 joins the table at seat #8 
ka3090: bets $13.43
Squall33bdi: calls $13.43
*** RIVER *** [2h Qc 3h Jd] [9s]
Squall33bdi: checks 
ka3090: checks 
*** SHOW DOWN ***
Squall33bdi: shows [Qs As] (a pair of Queens)
ka3090: mucks hand 
Squall33bdi collected $53.13 from pot
*** SUMMARY ***
Total pot $55.13 | Rake $2 
Board [2h Qc 3h Jd 9s]
Seat 1: ka3090 mucked
Seat 2: L'père folded before Flop (didn't bet)
Seat 3: SuneSt (button) folded before Flop (didn't bet)
Seat 4: Echomk (small blind) folded before Flop
Seat 5: Squall33bdi (big blind) showed [Qs As] and won ($53.13) with a pair of Queens
Seat 6: rovara folded before Flop (didn't bet)
Seat 7: tridion folded before Flop (didn't bet)
Seat 8: valdirnerati folded before Flop (didn't bet)



PokerStars Hand #228672435753:  Hold'em No Limit ($0.25/$0.50 USD) - 2021/07/30 23:31:45 ET
Table 'Chantal II' 9-max Seat #4 is the button
Seat 1: ka3090 ($30.69 in chips) 
Seat 2: L'père ($45.22 in chips) 
Seat 3: SuneSt ($50 in chips) 
Seat 4: Echomk ($77.45 in chips) 
Seat 5: Squall33bdi ($78.94 in chips) 
Seat 6: rovara ($50 in chips) 
Seat 7: tridion ($27.88 in chips) 
Squall33bdi: posts small blind $0.25
rovara: posts big blind $0.50
xobit26: sits out 
Effort92: sits out 
*** HOLE CARDS ***
tridion: calls $0.50
ka3090: folds 
L'père: folds 
SuneSt: folds 
Echomk: folds 
Squall33bdi: folds 
rovara: checks 
*** FLOP *** [Jd Td 9h]
rovara: checks 
tridion: checks 
*** TURN *** [Jd Td 9h] [Ad]
ka3090 leaves the table
rovara: checks 
tridion: bets $0.59
rovara: folds 
Uncalled bet ($0.59) returned to tridion
tridion collected $1.19 from pot
tridion: doesn't show hand 
*** SUMMARY ***
Total pot $1.25 | Rake $0.06 
Board [Jd Td 9h Ad]
Seat 1: ka3090 folded before Flop (didn't bet)
Seat 2: L'père folded before Flop (didn't bet)
Seat 3: SuneSt folded before Flop (didn't bet)
Seat 4: Echomk (button) folded before Flop (didn't bet)
Seat 5: Squall33bdi (small blind) folded before Flop
Seat 6: rovara (big blind) folded on the Turn
Seat 7: tridion collected ($1.19)



PokerStars Hand #228672443065:  Hold'em No Limit ($0.25/$0.50 USD) - 2021/07/30 23:32:28 ET
Table 'Chantal II' 9-max Seat #5 is the button
Seat 2: L'père ($45.22 in chips) 
Seat 3: SuneSt ($50 in chips) 
Seat 4: Echomk ($77.45 in chips) 
Seat 5: Squall33bdi ($78.69 in chips) 
Seat 6: rovara ($50 in chips) 
Seat 7: tridion ($28.57 in chips) 
rovara: posts small blind $0.25
tridion: posts big blind $0.50
xobit26: sits out 
Effort92: sits out 
*** HOLE CARDS ***
L'père: folds 
chenconhaste joins the table at seat #1 
SuneSt: folds 
Echomk: folds 
Squall33bdi: folds 
rovara: raises $1 to $1.50
tridion: calls $1
*** FLOP *** [Qh Qc Ac]
rovara: bets $1.57
tridion: raises $1.57 to $3.14
rovara: raises $45.36 to $48.50 and is all-in
tridion: calls $23.93 and is all-in
Uncalled bet ($21.43) returned to rovara
*** TURN *** [Qh Qc Ac] [Kd]
*** RIVER *** [Qh Qc Ac Kd] [8s]
*** SHOW DOWN ***
rovara: shows [Ts Qd] (three of a kind, Queens)
tridion: shows [Jd Ah] (two pair, Aces and Queens)
rovara collected $55.14 from pot
*** SUMMARY ***
Total pot $57.14 | Rake $2 
Board [Qh Qc Ac Kd 8s]
Seat 2: L'père folded before Flop (didn't bet)
Seat 3: SuneSt folded before Flop (didn't bet)
Seat 4: Echomk folded before Flop (didn't bet)
Seat 5: Squall33bdi (button) folded before Flop (didn't bet)
Seat 6: rovara (small blind) showed [Ts Qd] and won ($55.14) with three of a kind, Queens
Seat 7: tridion (big blind) showed [Jd Ah] and lost with two pair, Aces and Queens



PokerStars Hand #228672453966:  Hold'em No Limit ($0.25/$0.50 USD) - 2021/07/30 23:33:30 ET
Table 'Chantal II' 9-max Seat #6 is the button
Seat 2: L'père ($45.22 in chips) 
Seat 3: SuneSt ($50 in chips) 
Seat 4: Echomk ($77.45 in chips) 
Seat 5: Squall33bdi ($78.69 in chips) 
Seat 6: rovara ($76.57 in chips) 
L'père: posts small blind $0.25
SuneSt: posts big blind $0.50
*** HOLE CARDS ***
Echomk: folds 
Squall33bdi: folds 
rovara: folds 
L'père: calls $0.25
SuneSt: checks 
*** FLOP *** [6d Jh 7d]
tridion leaves the table
L'père: checks 
SuneSt: bets $0.63
L'père: folds 
Uncalled bet ($0.63) returned to SuneSt
SuneSt collected $0.95 from pot
SuneSt: doesn't show hand 
*** SUMMARY ***
Total pot $1 | Rake $0.05 
Board [6d Jh 7d]
Seat 2: L'père (small blind) folded on the Flop
Seat 3: SuneSt (big blind) collected ($0.95)
Seat 4: Echomk folded before Flop (didn't bet)
Seat 5: Squall33bdi folded before Flop (didn't bet)
Seat 6: rovara (button) folded before Flop (didn't bet)



PokerStars Hand #228672460370:  Hold'em No Limit ($0.25/$0.50 USD) - 2021/07/30 23:34:07 ET
Table 'Chantal II' 9-max Seat #2 is the button
Seat 2: L'père ($44.72 in chips) 
Seat 3: SuneSt ($50.45 in chips) 
Seat 6: rovara ($76.57 in chips) 
SuneSt: posts small blind $0.25
Squall33bdi: is sitting out 
rovara: posts big blind $0.50
xobit26: sits out 
Effort92: sits out 
chenconhaste: sits out 
*** HOLE CARDS ***
Echomk leaves the table
L'père: raises $0.50 to $1
Nightwoof joins the table at seat #4 
Squall33bdi leaves the table
SuneSt: folds 
undergr0undY joins the table at seat #5 
rovara: folds 
Uncalled bet ($0.50) returned to L'père
L'père collected $1.25 from pot
L'père: doesn't show hand 
*** SUMMARY ***
Total pot $1.25 | Rake $0 
Seat 2: L'père (button) collected ($1.25)
Seat 3: SuneSt (small blind) folded before Flop
Seat 6: rovara (big blind) folded before Flop



PokerStars Hand #228672463314:  Hold'em No Limit ($0.25/$0.50 USD) - 2021/07/30 23:34:24 ET
Table 'Chantal II' 9-max Seat #3 is the button
Seat 2: L'père ($45.47 in chips) 
Seat 3: SuneSt ($50.20 in chips) 
Seat 6: rovara ($76.07 in chips) 
Seat 8: xobit26 ($52.53 in chips) 
rovara: posts small blind $0.25
xobit26: posts big blind $0.50
Effort92: sits out 
chenconhaste: sits out 
*** HOLE CARDS ***
L'père: folds 
SuneSt: raises $0.75 to $1.25
rovara: folds 
xobit26: folds 
Uncalled bet ($0.75) returned to SuneSt
SuneSt collected $1.25 from pot
SuneSt: doesn't show hand 
*** SUMMARY ***
Total pot $1.25 | Rake $0 
Seat 2: L'père folded before Flop (didn't bet)
Seat 3: SuneSt (button) collected ($1.25)
Seat 6: rovara (small blind) folded before Flop
Seat 8: xobit26 (big blind) folded before Flop



PokerStars Hand #228672466389:  Hold'em No Limit ($0.25/$0.50 USD) - 2021/07/30 23:34:42 ET
Table 'Chantal II' 9-max Seat #6 is the button
Seat 2: L'père ($45.47 in chips) 
Seat 3: SuneSt ($50.95 in chips) 
Seat 6: rovara ($75.82 in chips) 
Seat 8: xobit26 ($52.03 in chips) 
Seat 9: Effort92 ($50 in chips) 
xobit26: posts small blind $0.25
Effort92: posts big blind $0.50
chenconhaste: sits out 
Nightwoof: sits out 
undergr0undY: sits out 
*** HOLE CARDS ***
pudge.3096 joins the table at seat #7 
L'père: folds 
SuneSt: folds 
rovara: raises $0.75 to $1.25
xobit26: folds 
Effort92: folds 
Uncalled bet ($0.75) returned to rovara
rovara collected $1.25 from pot
xobit26 leaves the table
*** SUMMARY ***
Total pot $1.25 | Rake $0 
Seat 2: L'père folded before Flop (didn't bet)
Seat 3: SuneSt folded before Flop (didn't bet)
Seat 6: rovara (button) collected ($1.25)
Seat 8: xobit26 (small blind) folded before Flop
Seat 9: Effort92 (big blind) folded before Flop



PokerStars Hand #228672469144:  Hold'em No Limit ($0.25/$0.50 USD) - 2021/07/30 23:34:58 ET
Table 'Chantal II' 9-max Seat #9 is the button
Seat 2: L'père ($45.47 in chips) 
Seat 3: SuneSt ($50.95 in chips) 
Seat 6: rovara ($76.57 in chips) 
Seat 7: pudge.3096 ($52 in chips) 
Seat 9: Effort92 ($50 in chips) 
L'père: posts small blind $0.25
SuneSt: posts big blind $0.50
Nightwoof: sits out 
undergr0undY: sits out 
pudge.3096: posts big blind $0.50
*** HOLE CARDS ***
rovara: raises $2 to $2.50
pudge.3096: folds 
Effort92: folds 
L'père: folds 
SuneSt: folds 
Uncalled bet ($2) returned to rovara
rovara collected $1.75 from pot
*** SUMMARY ***
Total pot $1.75 | Rake $0 
Seat 2: L'père (small blind) folded before Flop
Seat 3: SuneSt (big blind) folded before Flop
Seat 6: rovara collected ($1.75)
Seat 7: pudge.3096 folded before Flop (didn't bet)
Seat 9: Effort92 (button) folded before Flop (didn't bet)



PokerStars Hand #228672473073:  Hold'em No Limit ($0.25/$0.50 USD) - 2021/07/30 23:35:20 ET
Table 'Chantal II' 9-max Seat #2 is the button
Seat 2: L'père ($45.22 in chips) 
Seat 3: SuneSt ($50.45 in chips) 
Seat 4: Nightwoof ($50 in chips) 
Seat 6: rovara ($77.82 in chips) 
Seat 7: pudge.3096 ($51.50 in chips) 
Seat 9: Effort92 ($50 in chips) 
SuneSt: posts small blind $0.25
Nightwoof: posts big blind $0.50
undergr0undY: sits out 
chenconhaste: sits out 
*** HOLE CARDS ***
rovara: folds 
pudge.3096: raises $0.75 to $1.25
Effort92: folds 
L'père: folds 
SuneSt: folds 
Effort92 leaves the table
Millten joins the table at seat #9 
fixxxed27 joins the table at seat #8 
Nightwoof has timed out
Nightwoof: folds 
Uncalled bet ($0.75) returned to pudge.3096
pudge.3096 collected $1.25 from pot
pudge.3096: doesn't show hand 
*** SUMMARY ***
Total pot $1.25 | Rake $0 
Seat 2: L'père (button) folded before Flop (didn't bet)
Seat 3: SuneSt (small blind) folded before Flop
Seat 4: Nightwoof (big blind) folded before Flop
Seat 6: rovara folded before Flop (didn't bet)
Seat 7: pudge.3096 collected ($1.25)
Seat 9: Effort92 folded before Flop (didn't bet)



PokerStars Hand #228672487707:  Hold'em No Limit ($0.25/$0.50 USD) - 2021/07/30 23:36:46 ET
Table 'Chantal II' 9-max Seat #7 is the button
Seat 1: chenconhaste ($50 in chips) 
Seat 2: L'père ($45.22 in chips) 
Seat 3: SuneSt ($50.95 in chips) 
Seat 6: rovara ($78.32 in chips) 
Seat 7: pudge.3096 ($51.50 in chips) 
Seat 8: fixxxed27 ($49.50 in chips) 
fixxxed27: posts small blind $0.25
chenconhaste: posts big blind $0.50
Nightwoof: sits out 
undergr0undY: sits out 
*** HOLE CARDS ***
L'père: raises $0.50 to $1
SuneSt: folds 
rovara: calls $1
pudge.3096: folds 
fixxxed27: folds 
chenconhaste: folds 
*** FLOP *** [Th 3s Ad]
L'père: bets $1.31
rovara: calls $1.31
*** TURN *** [Th 3s Ad] [Jd]
L'père: checks 
rovara: checks 
*** RIVER *** [Th 3s Ad Jd] [2h]
dallas580821 joins the table at seat #9 
L'père: checks 
rovara: bets $2
L'père: folds 
Uncalled bet ($2) returned to rovara
rovara collected $5.10 from pot
*** SUMMARY ***
Total pot $5.37 | Rake $0.27 
Board [Th 3s Ad Jd 2h]
Seat 1: chenconhaste (big blind) folded before Flop
Seat 2: L'père folded on the River
Seat 3: SuneSt folded before Flop (didn't bet)
Seat 6: rovara collected ($5.10)
Seat 7: pudge.3096 (button) folded before Flop (didn't bet)
Seat 8: fixxxed27 (small blind) folded before Flop



PokerStars Hand #228672505184:  Hold'em No Limit ($0.25/$0.50 USD) - 2021/07/30 23:38:29 ET
Table 'Chantal II' 9-max Seat #8 is the button
Seat 1: chenconhaste ($50 in chips) 
Seat 2: L'père ($42.91 in chips) 
Seat 3: SuneSt ($50.95 in chips) 
Seat 6: rovara ($81.11 in chips) 
Seat 7: pudge.3096 ($51.50 in chips) 
Seat 8: fixxxed27 ($49.25 in chips) 
chenconhaste: posts small blind $0.25
L'père: posts big blind $0.50
Nightwoof: sits out 
undergr0undY: sits out 
*** HOLE CARDS ***
SuneSt: folds 
rovara: raises $1 to $1.50
pudge.3096: folds 
fixxxed27: calls $1.50
chenconhaste: folds 
L'père: folds 
*** FLOP *** [Ac 7d Qs]
rovara: checks 
fixxxed27: checks 
*** TURN *** [Ac 7d Qs] [Qd]
rovara: checks 
fixxxed27: checks 
*** RIVER *** [Ac 7d Qs Qd] [2s]
rovara: checks 
fixxxed27: bets $1.78
rovara: folds 
Uncalled bet ($1.78) returned to fixxxed27
fixxxed27 collected $3.56 from pot
fixxxed27: doesn't show hand 
*** SUMMARY ***
Total pot $3.75 | Rake $0.19 
Board [Ac 7d Qs Qd 2s]
Seat 1: chenconhaste (small blind) folded before Flop
Seat 2: L'père (big blind) folded before Flop
Seat 3: SuneSt folded before Flop (didn't bet)
Seat 6: rovara folded on the River
Seat 7: pudge.3096 folded before Flop (didn't bet)
Seat 8: fixxxed27 (button) collected ($3.56)



PokerStars Hand #228672518296:  Hold'em No Limit ($0.25/$0.50 USD) - 2021/07/30 23:39:46 ET
Table 'Chantal II' 9-max Seat #1 is the button
Seat 1: chenconhaste ($50 in chips) 
Seat 2: L'père ($42.41 in chips) 
Seat 3: SuneSt ($50.95 in chips) 
Seat 6: rovara ($79.61 in chips) 
Seat 7: pudge.3096 ($51.50 in chips) 
Seat 8: fixxxed27 ($51.31 in chips) 
Seat 9: dallas580821 ($20 in chips) 
L'père: posts small blind $0.25
SuneSt: posts big blind $0.50
Nightwoof: sits out 
undergr0undY: sits out 
dallas580821: posts big blind $0.50
*** HOLE CARDS ***
rovara: raises $0.75 to $1.25
pudge.3096: folds 
fixxxed27: folds 
dallas580821: folds 
chenconhaste: folds 
L'père: calls $1
SuneSt: folds 
*** FLOP *** [4s 9h Kd]
L'père: checks 
rovara: bets $1.10
L'père: calls $1.10
*** TURN *** [4s 9h Kd] [Jh]
L'père: checks 
rovara: bets $8.24
L'père: calls $8.24
*** RIVER *** [4s 9h Kd Jh] [2d]
L'père is disconnected 
L'père is connected 
L'père: checks 
rovara: bets $12.01
L'père: calls $12.01
*** SHOW DOWN ***
rovara: shows [As Ad] (a pair of Aces)
L'père: shows [Kh 9d] (two pair, Kings and Nines)
L'père collected $44.20 from pot
*** SUMMARY ***
Total pot $46.20 | Rake $2 
Board [4s 9h Kd Jh 2d]
Seat 1: chenconhaste (button) folded before Flop (didn't bet)
Seat 2: L'père (small blind) showed [Kh 9d] and won ($44.20) with two pair, Kings and Nines
Seat 3: SuneSt (big blind) folded before Flop
Seat 6: rovara showed [As Ad] and lost with a pair of Aces
Seat 7: pudge.3096 folded before Flop (didn't bet)
Seat 8: fixxxed27 folded before Flop (didn't bet)
Seat 9: dallas580821 folded before Flop (didn't bet)



PokerStars Hand #228672542959:  Hold'em No Limit ($0.25/$0.50 USD) - 2021/07/30 23:42:10 ET
Table 'Chantal II' 9-max Seat #2 is the button
Seat 1: chenconhaste ($50 in chips) 
Seat 2: L'père ($64.01 in chips) 
Seat 3: SuneSt ($50.45 in chips) 
Seat 4: Nightwoof ($50 in chips) 
Seat 6: rovara ($57.01 in chips) 
Seat 7: pudge.3096 ($51.50 in chips) 
Seat 8: fixxxed27 ($51.31 in chips) 
Seat 9: dallas580821 ($19.50 in chips) 
SuneSt: posts small blind $0.25
Nightwoof: posts big blind $0.50
undergr0undY: sits out 
*** HOLE CARDS ***
rovara: raises $0.75 to $1.25
pudge.3096: folds 
fixxxed27: folds 
dallas580821: raises $1.75 to $3
chenconhaste: folds 
L'père: folds 
SuneSt: folds 
Nightwoof: folds 
rovara: folds 
Uncalled bet ($1.75) returned to dallas580821
dallas580821 collected $3.25 from pot
dallas580821: doesn't show hand 
*** SUMMARY ***
Total pot $3.25 | Rake $0 
Seat 1: chenconhaste folded before Flop (didn't bet)
Seat 2: L'père (button) folded before Flop (didn't bet)
Seat 3: SuneSt (small blind) folded before Flop
Seat 4: Nightwoof (big blind) folded before Flop
Seat 6: rovara folded before Flop
Seat 7: pudge.3096 folded before Flop (didn't bet)
Seat 8: fixxxed27 folded before Flop (didn't bet)
Seat 9: dallas580821 collected ($3.25)



PokerStars Hand #228672547437:  Hold'em No Limit ($0.25/$0.50 USD) - 2021/07/30 23:42:37 ET
Table 'Chantal II' 9-max Seat #3 is the button
Seat 1: chenconhaste ($50 in chips) 
Seat 2: L'père ($64.01 in chips) 
Seat 3: SuneSt ($50.20 in chips) 
Seat 4: Nightwoof ($50 in chips) 
Seat 5: undergr0undY ($50 in chips) 
Seat 6: rovara ($55.76 in chips) 
Seat 7: pudge.3096 ($51.50 in chips) 
Seat 8: fixxxed27 ($51.31 in chips) 
Seat 9: dallas580821 ($21.50 in chips) 
Nightwoof: posts small blind $0.25
undergr0undY: posts big blind $0.50
*** HOLE CARDS ***
rovara: folds 
pudge.3096: folds 
fixxxed27: folds 
dallas580821: folds 
chenconhaste: folds 
L'père: raises $1 to $1.50
SuneSt: raises $3 to $4.50
Nightwoof: folds 
undergr0undY: folds 
L'père: calls $3
*** FLOP *** [9d 9h Tc]
L'père: checks 
SuneSt: checks 
*** TURN *** [9d 9h Tc] [3s]
L'père: bets $4.63
SuneSt: folds 
Uncalled bet ($4.63) returned to L'père
L'père collected $9.26 from pot
L'père: doesn't show hand 
*** SUMMARY ***
Total pot $9.75 | Rake $0.49 
Board [9d 9h Tc 3s]
Seat 1: chenconhaste folded before Flop (didn't bet)
Seat 2: L'père collected ($9.26)
Seat 3: SuneSt (button) folded on the Turn
Seat 4: Nightwoof (small blind) folded before Flop
Seat 5: undergr0undY (big blind) folded before Flop
Seat 6: rovara folded before Flop (didn't bet)
Seat 7: pudge.3096 folded before Flop (didn't bet)
Seat 8: fixxxed27 folded before Flop (didn't bet)
Seat 9: dallas580821 folded before Flop (didn't bet)



PokerStars Hand #228672564022:  Hold'em No Limit ($0.25/$0.50 USD) - 2021/07/30 23:43:49 ET
Table 'Chantal II' 9-max Seat #4 is the button
Seat 1: chenconhaste ($50 in chips) 
Seat 2: L'père ($68.77 in chips) 
Seat 3: SuneSt ($50 in chips) 
Seat 4: Nightwoof ($50 in chips) 
Seat 5: undergr0undY ($50 in chips) 
Seat 6: rovara ($55.76 in chips) 
Seat 7: pudge.3096 ($51.50 in chips) 
Seat 8: fixxxed27 ($51.31 in chips) 
Seat 9: dallas580821 ($21.50 in chips) 
undergr0undY: posts small blind $0.25
rovara: posts big blind $0.50
*** HOLE CARDS ***
pudge.3096: folds 
fixxxed27: folds 
dallas580821: folds 
chenconhaste: folds 
L'père: folds 
SuneSt: raises $0.75 to $1.25
Nightwoof: raises $3.25 to $4.50
undergr0undY: folds 
rovara: raises $7 to $11.50
SuneSt: folds 
Nightwoof: calls $7
*** FLOP *** [Ad 4h 6s]
rovara: checks 
Nightwoof: bets $7.68
rovara: calls $7.68
*** TURN *** [Ad 4h 6s] [Jh]
rovara has timed out
rovara: checks 
Nightwoof: checks 
*** RIVER *** [Ad 4h 6s Jh] [2s]
rovara: bets $21.59
Nightwoof: folds 
Uncalled bet ($21.59) returned to rovara
rovara collected $37.87 from pot
*** SUMMARY ***
Total pot $39.86 | Rake $1.99 
Board [Ad 4h 6s Jh 2s]
Seat 1: chenconhaste folded before Flop (didn't bet)
Seat 2: L'père folded before Flop (didn't bet)
Seat 3: SuneSt folded before Flop
Seat 4: Nightwoof (button) folded on the River
Seat 5: undergr0undY (small blind) folded before Flop
Seat 6: rovara (big blind) collected ($37.87)
Seat 7: pudge.3096 folded before Flop (didn't bet)
Seat 8: fixxxed27 folded before Flop (didn't bet)
Seat 9: dallas580821 folded before Flop (didn't bet)



PokerStars Hand #228672586616:  Hold'em No Limit ($0.25/$0.50 USD) - 2021/07/30 23:46:04 ET
Table 'Chantal II' 9-max Seat #6 is the button
Seat 1: chenconhaste ($50.75 in chips) 
Seat 2: L'père ($68.77 in chips) 
Seat 3: SuneSt ($50 in chips) 
Seat 4: Nightwoof ($50 in chips) 
Seat 5: undergr0undY ($50 in chips) 
Seat 6: rovara ($74.20 in chips) 
Seat 7: pudge.3096 ($51 in chips) 
Seat 8: fixxxed27 ($51.31 in chips) 
Seat 9: dallas580821 ($21.50 in chips) 
pudge.3096: posts small blind $0.25
fixxxed27: posts big blind $0.50
*** HOLE CARDS ***
dallas580821: folds 
chenconhaste: folds 
L'père: raises $0.50 to $1
SuneSt: calls $1
Nightwoof: folds 
undergr0undY: folds 
rovara: folds 
pudge.3096: folds 
fixxxed27: calls $0.50
*** FLOP *** [3s 6d 4h]
fixxxed27: checks 
L'père: checks 
SuneSt: checks 
*** TURN *** [3s 6d 4h] [Qc]
fixxxed27: checks 
L'père: checks 
SuneSt: checks 
*** RIVER *** [3s 6d 4h Qc] [3d]
fixxxed27: bets $0.50
L'père: folds 
SuneSt: calls $0.50
*** SHOW DOWN ***
fixxxed27: shows [Td Qs] (two pair, Queens and Threes)
SuneSt: mucks hand 
fixxxed27 collected $4.04 from pot
*** SUMMARY ***
Total pot $4.25 | Rake $0.21 
Board [3s 6d 4h Qc 3d]
Seat 1: chenconhaste folded before Flop (didn't bet)
Seat 2: L'père folded on the River
Seat 3: SuneSt mucked
Seat 4: Nightwoof folded before Flop (didn't bet)
Seat 5: undergr0undY folded before Flop (didn't bet)
Seat 6: rovara (button) folded before Flop (didn't bet)
Seat 7: pudge.3096 (small blind) folded before Flop
Seat 8: fixxxed27 (big blind) showed [Td Qs] and won ($4.04) with two pair, Queens and Threes
Seat 9: dallas580821 folded before Flop (didn't bet)



PokerStars Hand #228672597713:  Hold'em No Limit ($0.25/$0.50 USD) - 2021/07/30 23:47:09 ET
Table 'Chantal II' 9-max Seat #7 is the button
Seat 1: chenconhaste ($50.75 in chips) 
Seat 2: L'père ($67.77 in chips) 
Seat 3: SuneSt ($50 in chips) 
Seat 4: Nightwoof ($50 in chips) 
Seat 5: undergr0undY ($50 in chips) 
Seat 6: rovara ($74.20 in chips) 
Seat 7: pudge.3096 ($50.75 in chips) 
Seat 8: fixxxed27 ($53.85 in chips) 
Seat 9: dallas580821 ($21.50 in chips) 
fixxxed27: posts small blind $0.25
dallas580821: posts big blind $0.50
*** HOLE CARDS ***
chenconhaste: folds 
L'père: folds 
SuneSt: folds 
Nightwoof: folds 
undergr0undY: folds 
rovara: folds 
pudge.3096: raises $0.75 to $1.25
fixxxed27: folds 
dallas580821: folds 
Uncalled bet ($0.75) returned to pudge.3096
pudge.3096 collected $1.25 from pot
pudge.3096: doesn't show hand 
*** SUMMARY ***
Total pot $1.25 | Rake $0 
Seat 1: chenconhaste folded before Flop (didn't bet)
Seat 2: L'père folded before Flop (didn't bet)
Seat 3: SuneSt folded before Flop (didn't bet)
Seat 4: Nightwoof folded before Flop (didn't bet)
Seat 5: undergr0undY folded before Flop (didn't bet)
Seat 6: rovara folded before Flop (didn't bet)
Seat 7: pudge.3096 (button) collected ($1.25)
Seat 8: fixxxed27 (small blind) folded before Flop
Seat 9: dallas580821 (big blind) folded before Flop



PokerStars Hand #228672600740:  Hold'em No Limit ($0.25/$0.50 USD) - 2021/07/30 23:47:28 ET
Table 'Chantal II' 9-max Seat #8 is the button
Seat 1: chenconhaste ($50.75 in chips) 
Seat 2: L'père ($67.77 in chips) 
Seat 3: SuneSt ($50 in chips) 
Seat 4: Nightwoof ($50 in chips) 
Seat 5: undergr0undY ($50 in chips) 
Seat 6: rovara ($74.20 in chips) 
Seat 7: pudge.3096 ($51.50 in chips) 
Seat 8: fixxxed27 ($53.60 in chips) 
Seat 9: dallas580821 ($21 in chips) 
dallas580821: posts small blind $0.25
chenconhaste: posts big blind $0.50
*** HOLE CARDS ***
L'père: folds 
SuneSt: folds 
Nightwoof: folds 
undergr0undY: folds 
rovara: folds 
pudge.3096: folds 
fixxxed27: folds 
dallas580821: calls $0.25
chenconhaste: checks 
*** FLOP *** [Qd 6c 7d]
dallas580821: checks 
chenconhaste: checks 
*** TURN *** [Qd 6c 7d] [3c]
dallas580821: bets $0.95
chenconhaste: folds 
Uncalled bet ($0.95) returned to dallas580821
dallas580821 collected $0.95 from pot
dallas580821: doesn't show hand 
*** SUMMARY ***
Total pot $1 | Rake $0.05 
Board [Qd 6c 7d 3c]
Seat 1: chenconhaste (big blind) folded on the Turn
Seat 2: L'père folded before Flop (didn't bet)
Seat 3: SuneSt folded before Flop (didn't bet)
Seat 4: Nightwoof folded before Flop (didn't bet)
Seat 5: undergr0undY folded before Flop (didn't bet)
Seat 6: rovara folded before Flop (didn't bet)
Seat 7: pudge.3096 folded before Flop (didn't bet)
Seat 8: fixxxed27 (button) folded before Flop (didn't bet)
Seat 9: dallas580821 (small blind) collected ($0.95)



PokerStars Hand #228672607113:  Hold'em No Limit ($0.25/$0.50 USD) - 2021/07/30 23:48:05 ET
Table 'Chantal II' 9-max Seat #9 is the button
Seat 1: chenconhaste ($50.25 in chips) 
Seat 2: L'père ($67.77 in chips) 
Seat 3: SuneSt ($50 in chips) 
Seat 4: Nightwoof ($50 in chips) 
Seat 5: undergr0undY ($50 in chips) 
Seat 6: rovara ($74.20 in chips) 
Seat 7: pudge.3096 ($51.50 in chips) 
Seat 8: fixxxed27 ($53.60 in chips) 
Seat 9: dallas580821 ($21.45 in chips) 
chenconhaste: posts small blind $0.25
L'père: posts big blind $0.50
*** HOLE CARDS ***
SuneSt: folds 
Nightwoof: folds 
undergr0undY: folds 
rovara: raises $0.75 to $1.25
pudge.3096: folds 
fixxxed27: folds 
dallas580821: folds 
chenconhaste: folds 
L'père: folds 
Uncalled bet ($0.75) returned to rovara
rovara collected $1.25 from pot
*** SUMMARY ***
Total pot $1.25 | Rake $0 
Seat 1: chenconhaste (small blind) folded before Flop
Seat 2: L'père (big blind) folded before Flop
Seat 3: SuneSt folded before Flop (didn't bet)
Seat 4: Nightwoof folded before Flop (didn't bet)
Seat 5: undergr0undY folded before Flop (didn't bet)
Seat 6: rovara collected ($1.25)
Seat 7: pudge.3096 folded before Flop (didn't bet)
Seat 8: fixxxed27 folded before Flop (didn't bet)
Seat 9: dallas580821 (button) folded before Flop (didn't bet)



PokerStars Hand #228672612578:  Hold'em No Limit ($0.25/$0.50 USD) - 2021/07/30 23:48:37 ET
Table 'Chantal II' 9-max Seat #1 is the button
Seat 1: chenconhaste ($50 in chips) 
Seat 2: L'père ($67.27 in chips) 
Seat 3: SuneSt ($50 in chips) 
Seat 4: Nightwoof ($50 in chips) 
Seat 5: undergr0undY ($50 in chips) 
Seat 6: rovara ($74.95 in chips) 
Seat 7: pudge.3096 ($51.50 in chips) 
Seat 8: fixxxed27 ($53.60 in chips) 
Seat 9: dallas580821 ($21.45 in chips) 
L'père: posts small blind $0.25
SuneSt: posts big blind $0.50
*** HOLE CARDS ***
Nightwoof: folds 
undergr0undY: folds 
rovara: raises $1 to $1.50
pudge.3096: folds 
fixxxed27: folds 
dallas580821: folds 
chenconhaste: folds 
L'père: calls $1.25
SuneSt: raises $5 to $6.50
rovara: folds 
L'père: folds 
Uncalled bet ($5) returned to SuneSt
SuneSt collected $4.50 from pot
SuneSt: doesn't show hand 
*** SUMMARY ***
Total pot $4.50 | Rake $0 
Seat 1: chenconhaste (button) folded before Flop (didn't bet)
Seat 2: L'père (small blind) folded before Flop
Seat 3: SuneSt (big blind) collected ($4.50)
Seat 4: Nightwoof folded before Flop (didn't bet)
Seat 5: undergr0undY folded before Flop (didn't bet)
Seat 6: rovara folded before Flop
Seat 7: pudge.3096 folded before Flop (didn't bet)
Seat 8: fixxxed27 folded before Flop (didn't bet)
Seat 9: dallas580821 folded before Flop (didn't bet)



PokerStars Hand #228672620869:  Hold'em No Limit ($0.25/$0.50 USD) - 2021/07/30 23:49:26 ET
Table 'Chantal II' 9-max Seat #2 is the button
Seat 1: chenconhaste ($50 in chips) 
Seat 2: L'père ($65.77 in chips) 
Seat 3: SuneSt ($53 in chips) 
Seat 4: Nightwoof ($50 in chips) 
Seat 5: undergr0undY ($50 in chips) 
Seat 6: rovara ($73.45 in chips) 
Seat 7: pudge.3096 ($51.50 in chips) 
Seat 8: fixxxed27 ($53.60 in chips) 
Seat 9: dallas580821 ($21.45 in chips) 
SuneSt: posts small blind $0.25
Nightwoof: posts big blind $0.50
*** HOLE CARDS ***
undergr0undY: folds 
rovara: folds 
pudge.3096: folds 
fixxxed27: folds 
dallas580821: calls $0.50
chenconhaste: folds 
L'père: folds 
SuneSt: raises $1.50 to $2
Nightwoof: folds 
dallas580821: folds 
Uncalled bet ($1.50) returned to SuneSt
SuneSt collected $1.50 from pot
SuneSt: doesn't show hand 
*** SUMMARY ***
Total pot $1.50 | Rake $0 
Seat 1: chenconhaste folded before Flop (didn't bet)
Seat 2: L'père (button) folded before Flop (didn't bet)
Seat 3: SuneSt (small blind) collected ($1.50)
Seat 4: Nightwoof (big blind) folded before Flop
Seat 5: undergr0undY folded before Flop (didn't bet)
Seat 6: rovara folded before Flop (didn't bet)
Seat 7: pudge.3096 folded before Flop (didn't bet)
Seat 8: fixxxed27 folded before Flop (didn't bet)
Seat 9: dallas580821 folded before Flop



PokerStars Hand #228672626973:  Hold'em No Limit ($0.25/$0.50 USD) - 2021/07/30 23:50:03 ET
Table 'Chantal II' 9-max Seat #3 is the button
Seat 1: chenconhaste ($50 in chips) 
Seat 2: L'père ($65.77 in chips) 
Seat 3: SuneSt ($54 in chips) 
Seat 4: Nightwoof ($50 in chips) 
Seat 5: undergr0undY ($50 in chips) 
Seat 6: rovara ($73.45 in chips) 
Seat 7: pudge.3096 ($51.50 in chips) 
Seat 8: fixxxed27 ($53.60 in chips) 
Seat 9: dallas580821 ($20.95 in chips) 
Nightwoof: posts small blind $0.25
undergr0undY: posts big blind $0.50
*** HOLE CARDS ***
rovara: folds 
pudge.3096: folds 
fixxxed27: folds 
dallas580821: calls $0.50
chenconhaste: folds 
L'père: folds 
SuneSt: folds 
Nightwoof: folds 
undergr0undY: checks 
*** FLOP *** [5h 3s 9h]
undergr0undY: checks 
dallas580821: bets $1
undergr0undY: folds 
Uncalled bet ($1) returned to dallas580821
dallas580821 collected $1.19 from pot
dallas580821: doesn't show hand 
*** SUMMARY ***
Total pot $1.25 | Rake $0.06 
Board [5h 3s 9h]
Seat 1: chenconhaste folded before Flop (didn't bet)
Seat 2: L'père folded before Flop (didn't bet)
Seat 3: SuneSt (button) folded before Flop (didn't bet)
Seat 4: Nightwoof (small blind) folded before Flop
Seat 5: undergr0undY (big blind) folded on the Flop
Seat 6: rovara folded before Flop (didn't bet)
Seat 7: pudge.3096 folded before Flop (didn't bet)
Seat 8: fixxxed27 folded before Flop (didn't bet)
Seat 9: dallas580821 collected ($1.19)



PokerStars Hand #228672633900:  Hold'em No Limit ($0.25/$0.50 USD) - 2021/07/30 23:50:44 ET
Table 'Chantal II' 9-max Seat #4 is the button
Seat 1: chenconhaste ($50 in chips) 
Seat 2: L'père ($65.77 in chips) 
Seat 3: SuneSt ($54 in chips) 
Seat 4: Nightwoof ($50 in chips) 
Seat 5: undergr0undY ($50 in chips) 
Seat 6: rovara ($73.45 in chips) 
Seat 7: pudge.3096 ($51.50 in chips) 
Seat 8: fixxxed27 ($53.60 in chips) 
Seat 9: dallas580821 ($21.64 in chips) 
undergr0undY: posts small blind $0.25
rovara: posts big blind $0.50
*** HOLE CARDS ***
pudge.3096: folds 
fixxxed27: folds 
dallas580821: folds 
chenconhaste: raises $0.63 to $1.13
L'père: raises $2.87 to $4
SuneSt: folds 
Nightwoof: folds 
undergr0undY: folds 
rovara: folds 
chenconhaste: folds 
Uncalled bet ($2.87) returned to L'père
L'père collected $3.01 from pot
L'père: doesn't show hand 
*** SUMMARY ***
Total pot $3.01 | Rake $0 
Seat 1: chenconhaste folded before Flop
Seat 2: L'père collected ($3.01)
Seat 3: SuneSt folded before Flop (didn't bet)
Seat 4: Nightwoof (button) folded before Flop (didn't bet)
Seat 5: undergr0undY (small blind) folded before Flop
Seat 6: rovara (big blind) folded before Flop
Seat 7: pudge.3096 folded before Flop (didn't bet)
Seat 8: fixxxed27 folded before Flop (didn't bet)
Seat 9: dallas580821 folded before Flop (didn't bet)



PokerStars Hand #228672647665:  Hold'em No Limit ($0.25/$0.50 USD) - 2021/07/30 23:52:07 ET
Table 'Chantal II' 9-max Seat #6 is the button
Seat 1: chenconhaste ($50 in chips) 
Seat 2: L'père ($67.15 in chips) 
Seat 3: SuneSt ($54 in chips) 
Seat 4: Nightwoof ($50 in chips) 
Seat 5: undergr0undY ($50 in chips) 
Seat 6: rovara ($69.95 in chips) 
Seat 7: pudge.3096 ($51 in chips) 
Seat 8: fixxxed27 ($53.60 in chips) 
Seat 9: dallas580821 ($25.64 in chips) 
pudge.3096: posts small blind $0.25
fixxxed27: posts big blind $0.50
*** HOLE CARDS ***
dallas580821: folds 
chenconhaste: raises $0.63 to $1.13
L'père: folds 
SuneSt: folds 
Nightwoof: folds 
undergr0undY: folds 
rovara: folds 
pudge.3096: folds 
fixxxed27: folds 
Uncalled bet ($0.63) returned to chenconhaste
chenconhaste collected $1.25 from pot
*** SUMMARY ***
Total pot $1.25 | Rake $0 
Seat 1: chenconhaste collected ($1.25)
Seat 2: L'père folded before Flop (didn't bet)
Seat 3: SuneSt folded before Flop (didn't bet)
Seat 4: Nightwoof folded before Flop (didn't bet)
Seat 5: undergr0undY folded before Flop (didn't bet)
Seat 6: rovara (button) folded before Flop (didn't bet)
Seat 7: pudge.3096 (small blind) folded before Flop
Seat 8: fixxxed27 (big blind) folded before Flop
Seat 9: dallas580821 folded before Flop (didn't bet)



PokerStars Hand #228672661056:  Hold'em No Limit ($0.25/$0.50 USD) - 2021/07/30 23:52:36 ET
Table 'Chantal II' 9-max Seat #7 is the button
Seat 1: chenconhaste ($50.75 in chips) 
Seat 2: L'père ($67.15 in chips) 
Seat 3: SuneSt ($54 in chips) 
Seat 4: Nightwoof ($50 in chips) 
Seat 5: undergr0undY ($50 in chips) 
Seat 6: rovara ($69.95 in chips) 
Seat 7: pudge.3096 ($50.75 in chips) 
Seat 8: fixxxed27 ($53.10 in chips) 
Seat 9: dallas580821 ($25.64 in chips) 
fixxxed27: posts small blind $0.25
dallas580821: posts big blind $0.50
*** HOLE CARDS ***
chenconhaste: raises $0.63 to $1.13
L'père: calls $1.13
SuneSt: raises $4.37 to $5.50
Nightwoof: folds 
undergr0undY: folds 
rovara: folds 
pudge.3096: folds 
fixxxed27: folds 
dallas580821: folds 
chenconhaste: folds 
L'père: folds 
Uncalled bet ($4.37) returned to SuneSt
SuneSt collected $4.14 from pot
SuneSt: doesn't show hand 
*** SUMMARY ***
Total pot $4.14 | Rake $0 
Seat 1: chenconhaste folded before Flop
Seat 2: L'père folded before Flop
Seat 3: SuneSt collected ($4.14)
Seat 4: Nightwoof folded before Flop (didn't bet)
Seat 5: undergr0undY folded before Flop (didn't bet)
Seat 6: rovara folded before Flop (didn't bet)
Seat 7: pudge.3096 (button) folded before Flop (didn't bet)
Seat 8: fixxxed27 (small blind) folded before Flop
Seat 9: dallas580821 (big blind) folded before Flop



PokerStars Hand #228672668858:  Hold'em No Limit ($0.25/$0.50 USD) - 2021/07/30 23:53:24 ET
Table 'Chantal II' 9-max Seat #8 is the button
Seat 1: chenconhaste ($50 in chips) 
Seat 2: L'père ($66.02 in chips) 
Seat 3: SuneSt ($57.01 in chips) 
Seat 4: Nightwoof ($50 in chips) 
Seat 5: undergr0undY ($50 in chips) 
Seat 6: rovara ($69.95 in chips) 
Seat 7: pudge.3096 ($50.75 in chips) 
Seat 8: fixxxed27 ($52.85 in chips) 
Seat 9: dallas580821 ($25.14 in chips) 
dallas580821: posts small blind $0.25
chenconhaste: posts big blind $0.50
*** HOLE CARDS ***
L'père: folds 
SuneSt: raises $1 to $1.50
Nightwoof: folds 
undergr0undY: folds 
rovara: folds 
pudge.3096: folds 
fixxxed27: folds 
dallas580821: folds 
chenconhaste: raises $4 to $5.50
SuneSt: folds 
Uncalled bet ($4) returned to chenconhaste
chenconhaste collected $3.25 from pot
*** SUMMARY ***
Total pot $3.25 | Rake $0 
Seat 1: chenconhaste (big blind) collected ($3.25)
Seat 2: L'père folded before Flop (didn't bet)
Seat 3: SuneSt folded before Flop
Seat 4: Nightwoof folded before Flop (didn't bet)
Seat 5: undergr0undY folded before Flop (didn't bet)
Seat 6: rovara folded before Flop (didn't bet)
Seat 7: pudge.3096 folded before Flop (didn't bet)
Seat 8: fixxxed27 (button) folded before Flop (didn't bet)
Seat 9: dallas580821 (small blind) folded before Flop



PokerStars Hand #228672675184:  Hold'em No Limit ($0.25/$0.50 USD) - 2021/07/30 23:54:02 ET
Table 'Chantal II' 9-max Seat #9 is the button
Seat 1: chenconhaste ($51.75 in chips) 
Seat 2: L'père ($66.02 in chips) 
Seat 3: SuneSt ($55.51 in chips) 
Seat 4: Nightwoof ($50 in chips) 
Seat 5: undergr0undY ($50 in chips) 
Seat 6: rovara ($69.95 in chips) 
Seat 7: pudge.3096 ($50.75 in chips) 
Seat 8: fixxxed27 ($52.85 in chips) 
Seat 9: dallas580821 ($24.89 in chips) 
chenconhaste: posts small blind $0.25
L'père: posts big blind $0.50
*** HOLE CARDS ***
SuneSt: folds 
Nightwoof: folds 
SuneSt leaves the table
undergr0undY: folds 
rovara: folds 
pudge.3096: folds 
fixxxed27: folds 
dallas580821: raises $1.50 to $2
chenconhaste: folds 
L'père: calls $1.50
*** FLOP *** [Qd 9h 5c]
L'père: checks 
dallas580821: bets $2.75
L'père: calls $2.75
*** TURN *** [Qd 9h 5c] [Ad]
L'père: checks 
dallas580821: checks 
*** RIVER *** [Qd 9h 5c Ad] [Jc]
L'père: bets $4.63
dallas580821: folds 
Uncalled bet ($4.63) returned to L'père
L'père collected $9.26 from pot
L'père: doesn't show hand 
*** SUMMARY ***
Total pot $9.75 | Rake $0.49 
Board [Qd 9h 5c Ad Jc]
Seat 1: chenconhaste (small blind) folded before Flop
Seat 2: L'père (big blind) collected ($9.26)
Seat 3: SuneSt folded before Flop (didn't bet)
Seat 4: Nightwoof folded before Flop (didn't bet)
Seat 5: undergr0undY folded before Flop (didn't bet)
Seat 6: rovara folded before Flop (didn't bet)
Seat 7: pudge.3096 folded before Flop (didn't bet)
Seat 8: fixxxed27 folded before Flop (didn't bet)
Seat 9: dallas580821 (button) folded on the River



PokerStars Hand #228672687498:  Hold'em No Limit ($0.25/$0.50 USD) - 2021/07/30 23:55:20 ET
Table 'Chantal II' 9-max Seat #1 is the button
Seat 1: chenconhaste ($51.50 in chips) 
Seat 2: L'père ($70.53 in chips) 
Seat 4: Nightwoof ($50 in chips) 
Seat 5: undergr0undY ($50 in chips) 
Seat 6: rovara ($69.95 in chips) 
Seat 7: pudge.3096 ($50.75 in chips) 
Seat 8: fixxxed27 ($52.85 in chips) 
Seat 9: dallas580821 ($20.14 in chips) 
L'père: posts small blind $0.25
Nightwoof: posts big blind $0.50
*** HOLE CARDS ***
undergr0undY: raises $0.75 to $1.25
rovara: folds 
pudge.3096: raises $2.75 to $4
fixxxed27: folds 
dallas580821: calls $4
chenconhaste: folds 
L'père: folds 
MOK88888 joins the table at seat #3 
Nightwoof: raises $46 to $50 and is all-in
undergr0undY: folds 
pudge.3096: folds 
MOK88888 leaves the table
lucky83o joins the table at seat #3 
dallas580821 has timed out
dallas580821: folds 
Uncalled bet ($46) returned to Nightwoof
Nightwoof collected $13.50 from pot
Nightwoof: doesn't show hand 
*** SUMMARY ***
Total pot $13.50 | Rake $0 
Seat 1: chenconhaste (button) folded before Flop (didn't bet)
Seat 2: L'père (small blind) folded before Flop
Seat 4: Nightwoof (big blind) collected ($13.50)
Seat 5: undergr0undY folded before Flop
Seat 6: rovara folded before Flop (didn't bet)
Seat 7: pudge.3096 folded before Flop
Seat 8: fixxxed27 folded before Flop (didn't bet)
Seat 9: dallas580821 folded before Flop



PokerStars Hand #228672703448:  Hold'em No Limit ($0.25/$0.50 USD) - 2021/07/30 23:56:32 ET
Table 'Chantal II' 9-max Seat #2 is the button
Seat 1: chenconhaste ($51.50 in chips) 
Seat 2: L'père ($70.28 in chips) 
Seat 4: Nightwoof ($59.50 in chips) 
Seat 5: undergr0undY ($50 in chips) 
Seat 6: rovara ($69.95 in chips) 
Seat 7: pudge.3096 ($50 in chips) 
Seat 8: fixxxed27 ($52.85 in chips) 
Seat 9: dallas580821 ($16.14 in chips) 
Nightwoof: posts small blind $0.25
undergr0undY: posts big blind $0.50
*** HOLE CARDS ***
rovara: folds 
pudge.3096: folds 
fixxxed27: folds 
dallas580821: folds 
chenconhaste: folds 
L'père: folds 
Nightwoof: folds 
Uncalled bet ($0.25) returned to undergr0undY
undergr0undY collected $0.50 from pot
*** SUMMARY ***
Total pot $0.50 | Rake $0 
Seat 1: chenconhaste folded before Flop (didn't bet)
Seat 2: L'père (button) folded before Flop (didn't bet)
Seat 4: Nightwoof (small blind) folded before Flop
Seat 5: undergr0undY (big blind) collected ($0.50)
Seat 6: rovara folded before Flop (didn't bet)
Seat 7: pudge.3096 folded before Flop (didn't bet)
Seat 8: fixxxed27 folded before Flop (didn't bet)
Seat 9: dallas580821 folded before Flop (didn't bet)



PokerStars Hand #228672719158:  Hold'em No Limit ($0.25/$0.50 USD) - 2021/07/30 23:58:10 ET
Table 'Chantal II' 9-max Seat #5 is the button
Seat 1: chenconhaste ($51.50 in chips) 
Seat 2: L'père ($68.95 in chips) 
Seat 4: Nightwoof ($59.25 in chips) 
Seat 5: undergr0undY ($50 in chips) 
Seat 6: rovara ($68.62 in chips) 
Seat 7: pudge.3096 ($50 in chips) 
Seat 8: fixxxed27 ($52.85 in chips) 
Seat 9: dallas580821 ($18.84 in chips) 
rovara: posts small blind $0.25
pudge.3096: posts big blind $0.50
lucky83o: sits out 
*** HOLE CARDS ***
fixxxed27: folds 
dallas580821: folds 
chenconhaste: folds 
L'père: folds 
Nightwoof: raises $0.75 to $1.25
undergr0undY: folds 
rovara: folds 
pudge.3096: raises $3.75 to $5
Nightwoof: folds 
Uncalled bet ($3.75) returned to pudge.3096
pudge.3096 collected $2.75 from pot
pudge.3096: doesn't show hand 
*** SUMMARY ***
Total pot $2.75 | Rake $0 
Seat 1: chenconhaste folded before Flop (didn't bet)
Seat 2: L'père folded before Flop (didn't bet)
Seat 4: Nightwoof folded before Flop
Seat 5: undergr0undY (button) folded before Flop (didn't bet)
Seat 6: rovara (small blind) folded before Flop
Seat 7: pudge.3096 (big blind) collected ($2.75)
Seat 8: fixxxed27 folded before Flop (didn't bet)
Seat 9: dallas580821 folded before Flop (didn't bet)



PokerStars Hand #228672723968:  Hold'em No Limit ($0.25/$0.50 USD) - 2021/07/30 23:58:45 ET
Table 'Chantal II' 9-max Seat #6 is the button
Seat 1: chenconhaste ($51.50 in chips) 
Seat 2: L'père ($68.95 in chips) 
Seat 4: Nightwoof ($58 in chips) 
Seat 5: undergr0undY ($50 in chips) 
Seat 6: rovara ($68.37 in chips) 
Seat 7: pudge.3096 ($51.50 in chips) 
Seat 8: fixxxed27 ($52.85 in chips) 
Seat 9: dallas580821 ($18.84 in chips) 
pudge.3096: posts small blind $0.25
fixxxed27: posts big blind $0.50
lucky83o: sits out 
*** HOLE CARDS ***
dallas580821: folds 
chenconhaste: folds 
L'père: folds 
Nightwoof: folds 
undergr0undY: raises $0.75 to $1.25
rovara: folds 
pudge.3096: folds 
fixxxed27: folds 
Uncalled bet ($0.75) returned to undergr0undY
undergr0undY collected $1.25 from pot
*** SUMMARY ***
Total pot $1.25 | Rake $0 
Seat 1: chenconhaste folded before Flop (didn't bet)
Seat 2: L'père folded before Flop (didn't bet)
Seat 4: Nightwoof folded before Flop (didn't bet)
Seat 5: undergr0undY collected ($1.25)
Seat 6: rovara (button) folded before Flop (didn't bet)
Seat 7: pudge.3096 (small blind) folded before Flop
Seat 8: fixxxed27 (big blind) folded before Flop
Seat 9: dallas580821 folded before Flop (didn't bet)



PokerStars Hand #228672728628:  Hold'em No Limit ($0.25/$0.50 USD) - 2021/07/30 23:59:19 ET
Table 'Chantal II' 9-max Seat #7 is the button
Seat 1: chenconhaste ($51.50 in chips) 
Seat 2: L'père ($68.95 in chips) 
Seat 4: Nightwoof ($58 in chips) 
Seat 5: undergr0undY ($50.75 in chips) 
Seat 6: rovara ($68.37 in chips) 
Seat 7: pudge.3096 ($51.25 in chips) 
Seat 8: fixxxed27 ($52.35 in chips) 
Seat 9: dallas580821 ($18.84 in chips) 
fixxxed27: posts small blind $0.25
dallas580821: posts big blind $0.50
lucky83o: sits out 
*** HOLE CARDS ***
chenconhaste: raises $0.63 to $1.13
L'père: calls $1.13
Nightwoof: folds 
undergr0undY: folds 
rovara: folds 
pudge.3096: folds 
fixxxed27: folds 
dallas580821: calls $0.63
*** FLOP *** [3c 7d 5d]
dallas580821: checks 
chenconhaste: bets $3
L'père: calls $3
dallas580821: folds 
*** TURN *** [3c 7d 5d] [5h]
chenconhaste: bets $6.25
L'père: calls $6.25
*** RIVER *** [3c 7d 5d 5h] [4h]
chenconhaste: checks 
L'père: bets $9.50
chenconhaste: calls $9.50
*** SHOW DOWN ***
L'père: shows [7s As] (two pair, Sevens and Fives)
chenconhaste: shows [Kd Kh] (two pair, Kings and Fives)
chenconhaste collected $39.14 from pot
*** SUMMARY ***
Total pot $41.14 | Rake $2 
Board [3c 7d 5d 5h 4h]
Seat 1: chenconhaste showed [Kd Kh] and won ($39.14) with two pair, Kings and Fives
Seat 2: L'père showed [7s As] and lost with two pair, Sevens and Fives
Seat 4: Nightwoof folded before Flop (didn't bet)
Seat 5: undergr0undY folded before Flop (didn't bet)
Seat 6: rovara folded before Flop (didn't bet)
Seat 7: pudge.3096 (button) folded before Flop (didn't bet)
Seat 8: fixxxed27 (small blind) folded before Flop
Seat 9: dallas580821 (big blind) folded on the Flop



